4410 5664
1056 561 1075 624 5

273 762 361 831 Folia
383 761 492 846 viginti
514 763 576 829 duo
599 761 705 845 priora
726 762 883 846 supplerit
906 781 1016 828 manus
1039 761 1165 840 saeculi,
1189 769 1224 829 ut
1247 761 1405 828 Kollaeius
1428 760 1597 840 iudicabat,
1622 759 1707 826 tertii
1730 759 1854 839 decimi,

274 901 336 964 quo
359 881 472 948 lactum
495 889 602 948 estut
625 883 741 964 periret
763 881 835 948 libri
858 883 948 964 primi
971 883 1185 950 summarium.
1220 882 1337 948 Eadem
1361 880 1489 948 secundi
1509 879 1582 948 libri
1603 880 1760 962 supplevit
1782 879 1885 950 folia.

275 1019 382 1068 uorem
406 1001 574 1068 novissima
597 1002 744 1082 tortiique
766 1003 968 1068 centesimum
992 1001 1175 1084 vigesimum
1199 1007 1320 1068 sextum
1344 1019 1413 1065 cum
1437 1000 1640 1080 sequentibus
1669 1017 1730 1064 uno
1759 1004 1791 1064 et
1813 998 1857 1063 ri·

274 1121 363 1202 giuti,
386 1141 518 1204 quorum
541 1121 706 1188 chartacea
728 1127 802 1186 sunt
828 1122 897 1185 145.
923 1121 993 1186 146.
1040 1121 1141 1188 Ducta
1163 1140 1232 1187 esse
1262 1121 1480 1204 supplementa
1507 1141 1544 1186 ex
1573 1119 1672 1202 ipsius
1694 1119 1855 1202 archetypi

274 1239 385 1306 laceris
409 1241 542 1306 tortasse
564 1248 597 1304 et
619 1240 881 1306 marcescentibus
903 1239 984 1307 loliis
1007 1239 1099 1307 fidem
1122 1240 1196 1306 iacit
1221 1260 1280 1306 non
1303 1240 1468 1306 imminuta
1484 1259 1539 1322 per
1554 1241 1657 1305 omnia
1674 1239 1743 1305 libri
1766 1256 1856 1318 prac-

274 1359 401 1424 stantia.
434 1355 604 1426 Varietatis
627 1359 800 1442 scripturae
822 1358 992 1443 specimina
1015 1379 1114 1442 pauca
1142 1367 1306 1443 acceperat
1330 1359 1570 1440 wesselingius,
1594 1360 1747 1439 integram
1771 1357 1857 1424 dedit

276 1477 370 1544 editio
393 1475 570 1560 Bipoutina,
593 1479 681 1544 cuius
705 1480 735 1544 in
759 1480 892 1562 gratiam
914 1479 1051 1546 codicem
1075 1498 1145 1544 cum
1165 1479 1213 1546 ed.
1239 1479 1435 1560 Wesseliugii
1459 1479 1658 1546 commiserat
1673 1477 1697 1542 1.
1714 1478 1750 1543 B.
1766 1474 1856 1544 Bolia

275 1595 481 1664 bibliothecae
502 1599 644 1680 scriptor,
669 1598 793 1665 iunctus
816 1599 874 1666 hoc
897 1619 1041 1677 munere,
1071 1605 1106 1666 ut
1128 1599 1270 1680 ridetur,
1299 1618 1358 1667 nou
1389 1599 1604 1681 indiligenter,
1633 1596 1777 1680 quamvis
1800 1615 1857 1662 nec

277 1717 593 1798 Wesselingianorum
616 1724 832 1801 excerptorum
862 1719 893 1784 in
923 1717 1110 1801 quibusdam
1134 1719 1309 1785 dissensum
1334 1718 1456 1784 illorum
1481 1735 1603 1801 semper
1625 1718 1701 1782 vitio
1724 1717 1857 1798 imputa·

276 1837 373 1902 verim
396 1856 453 1903 nec
475 1839 599 1904 credam
623 1838 706 1921 quod
734 1839 819 1903 credi
841 1837 926 1904 illins
953 1837 1112 1904 silentium
1144 1840 1244 1917 iubet,
1274 1838 1450 1922 sphalmata
1480 1839 1528 1904 ed.
1557 1835 1856 1902 Amstclodameusis

276 1956 424 2024 nonnulla
446 1956 546 2026 codici
568 1975 637 2022 cum
661 1977 698 2023 ea
720 1956 895 2023 communia
918 1955 1006 2023 esse.³
1052 1955 1138 2024 Haec
1162 1957 1351 2024 Dindorlius.
1399 1957 1463 2024 lam
1492 1976 1565 2024 vero
1594 1972 1745 2038 exponam
1775 1973 1856 2038 quas

277 2075 350 2142 mihi
373 2073 434 2158 ipsi
458 2075 611 2154 uidentur,
634 2075 686 2142 cui
709 2077 840 2158 contigit
862 2083 898 2142 ut
919 2076 951 2142 in
975 2077 1042 2158 ipsa
1066 2075 1250 2144 Vindobona
1272 2077 1410 2144 codicem
1433 2075 1629 2159 inspicerem.

432 2195 476 2262 Ac
498 2197 632 2276 primum
655 2196 781 2276 quidem
804 2201 854 2262 est
875 2194 1072 2262 referendum
1102 2195 1239 2264 codicem
1264 2197 1408 2262 desinere
1431 2197 1462 2262 iu
1486 2195 1652 2282 κατέσχεν,
1681 2196 1765 2276 qnod
1789 2213 1855 2260 rer·

276 2315 350 2382 bum
373 2314 405 2380 in
429 2313 538 2380 ultimo
560 2317 662 2396 capite
685 2315 755 2380 libri
781 2315 882 2395 quinti
906 2315 1056 2398 scriptum
1086 2315 1259 2398 iuvenitur3
1283 2336 1311 2380 v.
1333 2333 1403 2398 pag.
1419 2315 1492 2394 399,
1508 2315 1559 2379 tt.
1613 2314 1734 2380 Desunt
1761 2313 1858 2396 igitur

278 2435 397 2516 aliquot
420 2453 538 2514 versus,
560 2453 639 2516 qnos
663 2433 802 2501 nonnulli
829 2435 950 2502 codices
981 2443 1163 2514 servarunt,
1190 2433 1243 2500 alii
1274 2437 1455 2501 omiserunt.
1508 2433 1620 2516 ltaque
1641 2433 1784 2514 quaestio
1807 2453 1858 2498 ex·

278 2553 362 2618 sistit
390 2559 496 2618 utrum
527 2572 560 2618 re
587 2571 661 2619 vera
689 2553 719 2619 in
745 2553 976 2620 vindobonensi
999 2554 1132 2637 neglecti
1156 2553 1221 2620 siut
1243 2555 1289 2619 illi
1313 2571 1422 2620 versus
1450 2572 1488 2619 an
1516 2555 1555 2618 iis
1594 2552 1709 2636 quibus
1739 2553 1857 2619 servati

277 2675 351 2736 suut
377 2672 535 2738 codicibus
563 2671 672 2738 additi.
717 2672 761 2736 At
787 2671 855 2736 luce
883 2672 997 2738 clarius
1020 2680 1069 2738 est
1103 2671 1268 2739 librumD
1299 2691 1361 2739 non
1391 2673 1515 2754 plenum
1546 2691 1646 2755 neque
1672 2671 1857 2738 incolumem

278 2809 363 2874 esse,
391 2792 506 2858 accidit
532 2793 614 2857 enim
638 2789 772 2858 utillud
795 2789 942 2878 κατέσχεν
965 2791 997 2856 in
1021 2789 1081 2856 line
1104 2792 1246 2872 paginae,
1270 2809 1350 2874 quae
1373 2793 1498 2857 eosdem
1522 2792 1652 2872 triginta
1674 2810 1783 2859 versus
1804 2792 1859 2857 ba·

278 2913 330 2978 bet
352 2931 389 2980 ac
411 2920 543 2996 ceterae,
565 2913 706 2994 legatur;
736 2910 857 2978 accedit
878 2908 964 2992 quod
987 2917 1059 2992 post
1080 2909 1157 2976 illud
1182 2910 1311 2978 uerbum
1336 2929 1430 2976 unum
1454 2919 1603 2994 punctum
1626 2918 1676 2976 est
1697 2911 1857 2992 seriptum,

277 3050 348 3100 cum
376 3031 522 3098 librarius
552 3031 611 3098 sub
640 3030 732 3097 linum
764 3030 862 3096 totius
891 3028 964 3097 libri
990 3048 1060 3096 cnm
1089 3030 1202 3113 duplex
1230 3037 1378 3111 punctum
1409 3049 1567 3113 apponere
1599 3031 1760 3097 consuerit
1791 3037 1857 3096 tum

278 3150 429 3234 quasdam
451 3149 581 3216 lineolae
604 3148 775 3216 exornandi
797 3168 893 3216 causa
915 3149 1038 3216 ducere.
1084 3147 1151 3214 Huc
1174 3150 1297 3216 desunt.
1343 3149 1452 3232 Neque
1481 3167 1669 3232 quamquam
1697 3148 1859 3232 subsequi·

278 3275 330 3335 tur
352 3267 462 3351 διόπερ
486 3267 679 3347 vocabulum,
704 3269 734 3334 iu
758 3270 945 3335 contrariam
962 3275 1083 3351 partem
1104 3267 1210 3335 afferri
1225 3275 1329 3352 potest
1350 3269 1435 3334 istud
1459 3292 1474 3330 ν
1495 3267 1720 3354 ἐφελνιστικόν,
1743 3267 1859 3351 quippe

278 3388 360 3473 quod
383 3405 477 3469 saepe
500 3405 629 3452 numero
652 3387 683 3452 in
705 3386 764 3452 hoc
787 3389 892 3454 codice
914 3387 1092 3452 inveniatur
1113 3389 1301 3454 antecedens
1323 3386 1437 3452 litteris
1453 3387 1705 3454 consonantibus.
1762 3387 1858 3451 Porro

276 3527 332 3591 pro
354 3513 439 3574 corto
455 3505 639 3571 sumendum
655 3512 714 3583 est,
736 3507 789 3586 qui
806 3511 853 3571 tot
867 3505 942 3572 lolia
963 3506 1078 3572 litteris
1100 3507 1325 3591 complevisset,
1349 3525 1420 3572 eum
1443 3524 1594 3572 summam
1617 3503 1857 3572 oblectationem

277 3647 315 3694 ex
330 3645 367 3692 eo
389 3631 553 3708 capturum
569 3625 674 3702 inisse,
697 3625 780 3705 quod
796 3625 863 3707 ipsa
879 3623 989 3691 ultima
1006 3626 1156 3694 vocabula
1179 3628 1370 3694 describeret
1392 3634 1486 3707 atque
1510 3624 1718 3709 distingueret
1734 3625 1858 3692 usitatis

279 3744 479 3812 ornamentis.
524 3743 624 3810 Adest
646 3743 740 3809 etiam
763 3761 844 3826 quae
867 3747 1061 3812 extrinsecus
1084 3747 1192 3814 incidit
1214 3767 1317 3824 eausa,
1341 3766 1422 3830 quae
1446 3765 1544 3812 meam
1568 3747 1755 3812 sententiam
1777 3762 1858 3812 com·

278 3869 406 3952 probet;
430 3885 500 3933 nam
524 3870 666 3950 quamvis
688 3865 791 3949 pullus
814 3865 959 3946 lacerque
981 3867 1023 3932 sit
1046 3885 1170 3950 margo,
1196 3869 1330 3934 medium
1353 3869 1455 3947 ipsum
1478 3865 1585 3932 lolium
1608 3865 1744 3948 quodam
1768 3865 1860 3931 modo

278 3985 439 4053 defensum
476 3991 656 4070 tectumque
692 3985 788 4052 luisse
822 3985 910 4052 lacile
947 4005 984 4052 ex
1017 3986 1085 4052 eius
1115 3988 1268 4052 munditia
1304 3987 1500 4069 perspicitur.
1553 3987 1685 4066 Quare
1715 3985 1858 4051 venitin

276 4107 450 4189 opinionem
473 4107 664 4187 aliquamdiu
693 4106 799 4172 lolium
822 4104 947 4188 aliquod
971 4104 1096 4171 ailixum
1126 4105 1237 4184 luisse,
1267 4107 1350 4189 quod
1373 4106 1512 4173 alliceret
1542 4125 1580 4172 ne
1609 4106 1640 4173 id
1670 4107 1753 4187 quod
1778 4123 1859 4170 nuuc

278 4231 328 4290 cst
356 4224 498 4290 ultimum
527 4224 720 4304 laederetur;
750 4223 803 4291 illo
830 4231 1000 4292 extremam
1025 4225 1268 4307 disputationem
1298 4227 1553 4308 comprehensam
1581 4223 1678 4290 luisse
1705 4224 1771 4290 siue
1795 4221 1860 4289 ulla

278 4343 475 4412 dubitatione
497 4345 753 4412 confirmaverim.
797 4345 847 4411 lta
868 4345 904 4412 fit
927 4353 961 4412 ut
983 4353 1120 4412 statuam
1143 4344 1242 4412 codici
1272 4345 1298 4410 D
1328 4363 1348 4410 a
1378 4345 1529 4427 principio
1558 4343 1676 4408 nullum
1704 4342 1859 4408 deiectum

278 4464 308 4531 in
332 4461 394 4528 fine
416 4463 520 4528 luisse.
565 4462 759 4532 Isdeiectus
781 4468 906 4545 quando
929 4473 1056 4533 exortus
1079 4467 1121 4530 sit
1149 4467 1219 4545 quis
1243 4473 1291 4530 est
1318 4465 1373 4546 qui
1404 4464 1511 4531 dicat?
1540 4461 1638 4542 Olim,
1667 4480 1727 4528 uon
1760 4479 1861 4543 uupcr

278 4605 348 4652 eum
382 4585 539 4650 exstitisse
572 4586 648 4650 satis
681 4589 851 4653 ostendunt
883 4585 1010 4654 nomina
1038 4605 1075 4652 ac
1107 4585 1213 4668 signa,
1246 4603 1327 4666 qnae
1360 4583 1418 4649 sub
1448 4582 1540 4649 tinem
1575 4581 1673 4649 multa
1699 4599 1859 4664 paeueque

277 4723 370 4770 exesa
403 4705 520 4785 scripta
553 4703 700 4783 vidimus,
734 4706 866 4787 exempli
901 4707 1021 4788 grstia:
1055 4706 1180 4770 Antonii
1215 4703 1377 4786 Scripandi
1407 4723 1443 4768 ex
1480 4701 1547 4769 lani
1577 4703 1734 4770 Parrhasii
1763 4707 1860 4768 testa·

278 4830 396 4900 mento,
430 4841 467 4888 ac
496 4824 598 4906 plane.
616 4821 818 4890 confirmatur
846 4844 899 4905 eo,
934 4826 1019 4908 quod
1047 4825 1176 4892 lacunae
1204 4841 1285 4906 quaa
1312 4823 1441 4890 crebrae
1474 4823 1602 4888 inerunt
1626 4821 1658 4886 in
1684 4819 1785 4888 medio
1810 4837 1861 4885 co·

278 4943 345 5010 dice
372 4944 496 5010 circiter
525 4963 606 5012 saec.
638 4941 714 5010 xm
743 4943 884 5026 expletae
914 4953 1002 5024 suut;
1033 4965 1060 5010 v.
1089 4962 1194 5026 supra.
1225 4945 1313 5010 Adde
1341 4945 1423 5025 quod
1453 4945 1514 5012 alio
1540 4959 1664 5024 quoque
1692 4941 1783 5009 modo
1811 4941 1860 5007 de
