4410 5664
1171 555 1210 616 14

402 761 456 844 qui
486 761 613 842 scripsit
639 757 736 826 multe
760 758 948 842 glossemata
967 761 1063 840 atque
1087 756 1382 839 interpretamenta,
1410 772 1511 837 neque
1538 758 1642 818 tumen
1669 751 1708 818 do
1729 769 1786 817 suo
1807 749 1990 817 admiscuit.

405 880 548 963 Exempli
570 895 665 945 causa
687 877 817 960 praebet
838 895 894 958 pro

556 995 688 1074 330,10
707 995 872 1083 χειρισμῷ]
891 997 1047 1082 χειρισμῷ
1069 995 1117 1057 καί
1136 991 1356 1081 μεταχειρίσει.

555 1115 686 1195 330,14
714 1112 846 1196 ίίμαιος]
871 1112 938 1176 ἐπεὶ
964 1113 1093 1196 Τιμαῖος.

557 1235 629 1312 331,
646 1234 687 1299 52
711 1233 863 1318 ἀνήροτα]
888 1233 1037 1318 ἀνηρωτα
1058 1233 1108 1296 καί
1130 1229 1371 1318 ἀναροτρίαστα.

557 1353 630 1430 331,
647 1353 687 1418 53
712 1352 816 1437 πυροί]
840 1352 931 1436 πυροὶ
953 1352 1001 1414 καλ
1023 1353 1097 1416 οίτοι
1121 1350 1204 1434 (sic).

560 1472 633 1550 331,
648 1472 689 1537 sl
712 1471 933 1556 ἐριστάφυλον]
955 1469 1164 1554 ἐριστάφυλον
1186 1469 1235 1532 καί
1257 1466 1319 1532 ἀπὸ
1340 1468 1488 1551 μεγάλων
1509 1465 1674 1550 σταφύλιυν
1696 1465 1874 1548 γινομένων.

427 1631 432 1642 ·
557 1591 631 1656 ibid.
654 1588 753 1670 ἀέξει]
777 1589 864 1663 ἀέξει
885 1591 935 1653 καί
957 1585 1054 1663 αὔξει,

557 1710 629 1788 332,
653 1711 696 1774 80
718 1709 809 1796 άλση]
832 1708 912 1793 ἄλση
935 1709 983 1770 καί
1004 1707 1204 1792 καταφύτους
1226 1708 1350 1782 τόπους.

558 1832 632 1896 ibid.
657 1829 726 1916 ἕλη]
749 1829 803 1916 ἕλη
824 1829 874 1893 καί
896 1827 1075 1913 καθύγρους
1098 1829 1219 1904 τάπους.

555 1950 629 2027 334,
646 1950 685 2014 57
710 1945 800 2028 θεὸν]
823 1947 899 2011 θεὸν
920 1947 1099 2035 Δήμητραν.

494 2118 497 2128 .
560 2069 633 2149 334,
649 2069 690 2133 82
714 2066 931 2152 θεσμοφόρον]
954 2065 1156 2154 θεσμοφόρον
1178 2067 1244 2156 ἦτοι
1266 2067 1479 2152 θικαιοφάρον.

556 2189 664 2265 335,5
687 2186 836 2270 ἀνιείσης]
860 2186 996 2274 ἀνιείσης
1018 2185 1068 2250 καί
1089 2185 1308 2274 ἀναδιδούσης.

557 2307 685 2385 339,11
716 2307 831 2390 γείσοις
858 2308 907 2369 καί
931 2308 1110 2392 κονιάμασι]
1141 2309 1277 2389 γείσσοις
1305 2307 1355 2370 καί
1383 2303 1536 2390 θεμελίοις
1568 2305 1619 2370 καί
1652 2305 1811 2389 κονιάμασι
1838 2304 1889 2369 καί
1916 2305 1987 2389 περὶ

404 2429 438 2491 τὸ
461 2427 629 2511 πρόσωπον
650 2425 850 2511 καλοπισμασι
873 2426 954 2509 (sic).

559 2545 621 2613 Sed
644 2545 723 2612 satis
746 2565 902 2629 superque
925 2546 965 2611 de
985 2544 1055 2611 boc.
1090 2545 1204 2610 Manus
1225 2546 1293 2626 ipsa
1315 2544 1407 2612 docet
1427 2544 1543 2612 librum
1565 2547 1681 2611 cursim
1704 2544 1879 2611 conlectum
1900 2562 1985 2624 esse;

402 2671 594 2749 quapropter
608 2663 731 2746 glossae
746 2663 875 2732 molesto
889 2663 996 2730 illatae
1012 2681 1072 2729 uon
1089 2683 1240 2746 operosae
1255 2664 1317 2730 arti
1336 2664 1474 2730 eiusdem
1490 2664 1612 2730 librarii
1635 2664 1819 2732 tribuendae
1840 2671 1914 2730 sunt
1935 2682 1989 2730 ne·

403 2805 465 2869 que
488 2787 528 2852 ab
550 2785 610 2854 boc
631 2804 652 2849 a
673 2786 813 2867 margins
835 2783 916 2851 alium
938 2784 1053 2850 codicis
1075 2785 1106 2848 io
1129 2790 1247 2848 textum
1271 2785 1371 2866 ipsum
1395 2802 1464 2850 esse
1486 2785 1630 2850 admotae
1645 2784 1799 2862 ridentur,
1822 2784 1988 2858 sedtotus

403 2905 500 2972 codex
522 2906 552 2970 N
567 2911 616 2971 est
630 2923 699 2972 mea
715 2904 840 2987 quidem
856 2905 1001 2986 opinione
1016 2922 1054 2968 ex
1069 2902 1132 2968 alio
1146 2905 1177 2968 in
1193 2920 1261 2983 quo.
1271 2903 1395 2970 inerant
1408 2904 1489 2970 libro
1504 2905 1782 2986 interpretamenta
1798 2902 1986 2984 descriptus.

404 3022 553 3090 Instituit
567 3023 673 3090 nescio
694 3023 766 3105 quis
781 3021 900 3089 scholia
922 3041 1123 3106 componerc;
1146 3024 1333 3105 quaequod
1355 3023 1414 3089 nisi
1443 3022 1475 3088 in
1498 3022 1556 3089 hoc
1585 3023 1691 3090 codice
1720 3039 1874 3103 nusquam
1903 3023 1988 3088 inve·

404 3143 550 3222 mustus,
580 3143 607 3208 ei
638 3142 858 3208 auctoritatem
881 3140 1037 3223 quandam
1060 3141 1188 3220 iaciunt,
1211 3159 1292 3224 quae
1314 3146 1420 3207 tamen
1449 3127 1659 3220 imminuitur,
1689 3161 1759 3208 cum
1787 3140 1986 3207 novissimam

404 3267 538 3328 aetatem
562 3280 624 3343 qua
646 3259 806 3327 conlectus
833 3267 882 3326 est
904 3260 1086 3340 respexeris.
1131 3260 1288 3347 Quantum
1316 3260 1408 3326 libuit
1429 3261 1552 3327 videtur
1574 3267 1712 3326 mutasse
1733 3258 1787 3326 illc
1808 3259 1989 3342 grammati-

404 3399 470 3458 cos,
497 3379 559 3444 vid.
583 3379 803 3462 inscriptiones
821 3378 988 3452 librorum;
1012 3397 1118 3444 verum
1142 3381 1267 3445 omuino
1289 3381 1320 3444 in
1343 3380 1518 3460 scandice,
1541 3399 1578 3447 er
1600 3397 1662 3462 quo
1684 3379 1818 3446 haustus
1840 3386 1889 3446 cst
1912 3377 1987 3446 Viu-

402 3499 590 3565 dobonensis
606 3499 645 3576 N,
668 3497 790 3582 aliquas
812 3499 915 3564 varias
937 3499 1086 3563 lectiones
1106 3499 1273 3564 adnotatas
1295 3500 1390 3565 luisse
1412 3500 1585 3582 putandum
1608 3505 1670 3573 est;
1697 3518 1831 3583 namque
1853 3499 1987 3580 legimus

403 3617 436 3681 in
459 3617 526 3684 cod.
549 3618 665 3697 N330‚
685 3621 718 3681 ll
739 3618 920 3706 διήμαρτον,
943 3617 1027 3697 quod
1050 3624 1099 3682 est
1120 3637 1245 3701 quoquc
1267 3619 1298 3684 in
1314 3619 1382 3685 cod.
1400 3617 1437 3698 V,
1460 3638 1530 3687 curu
1553 3618 1620 3685 cod.
1638 3617 1798 3684 Dbabeat
1812 3618 1986 3704 διήνεγκαν.

557 3736 675 3802 Eodem
697 3737 822 3803 saeculo
852 3744 941 3802 sexto
972 3736 1091 3803 decimo
1121 3739 1279 3805 conlectus
1310 3757 1378 3805 esse
1409 3745 1539 3822 putatur
1568 3738 1648 3806 liber
1675 3739 1838 3804 Parisinus
1860 3739 1901 3816 li,
1932 3737 1987 3820 qui

403 3873 473 3921 cum
496 3854 572 3920 mibi
596 3855 785 3921 condomio
809 3863 1009 3938 conspectum
1033 3856 1126 3921 datus
1148 3857 1199 3936 sit,
1223 3857 1368 3925 cautione
1389 3877 1468 3941 opus
1496 3865 1545 3924 est
1573 3877 1612 3924 nc
1641 3865 1759 3923 temere
1789 3859 1828 3924 dc
1857 3875 1894 3924 eo
1924 3857 1987 3921 exi·

404 3975 537 4039 stimcm.
582 3973 644 4040 Sed
672 3979 837 4056 postquam
868 3976 1073 4058 circumspexi
1102 3975 1242 4057 singulas
1271 3978 1436 4055 lectiones,
1468 3977 1804 4056 velut112‚20‚uoi
1832 3980 1863 4042 iu
1893 3995 1986 4059 argu·

402 4099 508 4159 mento
530 4094 600 4160 libri
623 4093 755 4160 secundi
779 4113 888 4160 nomen
913 4096 1018 4160 Βάκοο
1048 4097 1200 4178 scriptum
1230 4095 1372 4162 videmus
1402 4097 1433 4162 in
1465 4094 1553 4162 codd.
1578 4093 1603 4160 G
1624 4099 1687 4181 (cst
1717 4094 1889 4162 Vaticanus
1918 4096 1987 4179 qui·

407 4213 489 4291 dam,
513 4214 552 4280 de
574 4231 636 4296 quo
658 4214 720 4279 vid.
743 4213 838 4295 iutra)
862 4215 945 4278 DEV
969 4221 1001 4281 et
1024 4221 1059 4281 ut
1082 4215 1262 4282 Diodorfius
1284 4214 1448 4297 profitetur
1470 4216 1604 4282 fumasse
1626 4218 1657 4281 io
1682 4217 1746 4294 AB,
1768 4235 1838 4282 cum
1861 4215 1894 4281 iu
1915 4233 1986 4282 ora·

403 4333 489 4398 tione
510 4331 580 4415 ipsa
604 4333 732 4400 Arbacis
755 4352 864 4400 nomen
889 4341 974 4400 recte
996 4336 1131 4416 positum
1154 4338 1205 4416 sit
1230 4336 1412 4402 coniectura
1434 4337 1583 4418 augurari
1604 4335 1679 4402 licct
1699 4335 1856 4403 librumli
1878 4336 1910 4402 in
1933 4355 1987 4404 ca·

405 4453 475 4518 dcm
498 4450 599 4520 classe
621 4471 690 4518 esse
712 4456 938 4520 numerandum
962 4463 1058 4537 atquo
1080 4454 1210 4534 altuv,
1240 4456 1271 4520 id
1298 4457 1381 4536 qnod
1408 4472 1505 4536 supra
1534 4454 1642 4520 stetui.
1690 4453 1727 4520 In
1756 4455 1887 4522 mudum
1915 4473 1985 4521 seu·

403 4571 534 4637 tentiam
558 4570 744 4652 adducitur,
772 4574 893 4655 siquis
919 4575 1051 4640 incurrit
1078 4576 1110 4640 io
1140 4575 1236 4642 verba
1260 4577 1310 4655 15,
1325 4575 1383 4654 41,
1411 4574 1464 4640 ubi
1487 4574 1623 4640 editores
1653 4575 1683 4641 iu
1714 4575 1885 4640 orationem
1913 4591 1985 4639 con·

404 4695 521 4755 texum
545 4691 788 4772 adsumpserunt
810 4691 996 4776 ὑφίστανται,
1020 4711 1090 4758 cum
1108 4693 1243 4760 habeant
1265 4693 1354 4760 codd.
1377 4691 1437 4758 BD
1461 4693 1642 4777 ὑφίστανται
1664 4691 1702 4756 ἄν
1725 4715 1770 4768 τις
1790 4691 1985 4778 προβάλλον-

409 4829 468 4886 ται,
494 4809 576 4874 ΑΕ1ί
599 4807 766 4885 ἐπιστάτας
789 4811 1031 4896 προβάλλονται,
1055 4811 1083 4877 N
1113 4811 1278 4888 ἐπιστάτας
1308 4812 1571 4898 προσβάλλονται,
1601 4821 1658 4880 aut
1685 4811 1718 4877 in
1748 4813 1843 4878 verba
1865 4812 1917 4890 39,
1932 4811 1984 4887 26,

406 4926 459 4993 obi
482 4928 633 4994 editiones
649 4948 666 4994 e
682 4929 749 4996 cod.
766 4929 793 4995 D
809 4929 981 5014 κατεπείγει
995 4933 1128 5016 γράφειν
1145 4933 1305 5016 praebent,
1323 4934 1394 5002 libri
1410 4932 1466 5000 llll
1481 4932 1534 4997 θεῖ
1544 4933 1793 5019 κατεπιγράφειν,
1816 4933 1843 4998 Β
1865 4953 1982 4996 κατεπι-

404 5048 549 5132 γράφειν,
568 5053 592 5113 Α
609 5046 660 5112 δεῖ
670 5049 841 5132 κατεπείγει
863 5054 997 5136 γράφειν
1012 5053 1130 5118 Protoli
1145 5070 1226 5134 qnae
1241 5053 1370 5120 lortuito
1387 5053 1505 5119 offensa
1525 5058 1608 5118 sunt.
1649 5051 1728 5116 Nam
1751 5054 1856 5118 varice
1878 5050 1984 5118 lectio-
