4410 5664
1007 585 1046 652 19

238 795 360 876 lapr0s3
382 801 432 859 est
454 799 559 859 autem
583 793 838 859 membranaceos
860 793 890 857 io
914 793 955 856 4⁰
984 792 1103 857 minore
1132 809 1212 858 saec.
1235 791 1303 870 XV,
1327 789 1531 856 nitidissimus
1554 789 1732 873 optimeque
1754 807 1820 855 ser·

237 918 344 988 valnas
367 916 491 978 constat
513 909 596 978 ioliIs
618 911 743 991 seriptis
769 910 844 984 167;
867 910 928 975 vid.
953 909 1096 976 Bandinii
1120 909 1296 990 catalogum
1318 909 1407 976 codd.
1430 909 1541 976 Graec.
1558 909 1597 988 II,
1614 909 1686 973 676.
1720 906 1819 975 Totus

237 1032 334 1097 codex
356 1030 458 1097 adbuc
479 1031 563 1112 quod
586 1029 684 1096 sciam
705 1048 766 1096 non
790 1036 839 1096 666
862 1029 993 1095 collatus
1016 1035 1072 1094 ant
1093 1028 1218 1094 collalto
1240 1047 1301 1094 non
1325 1035 1373 1094 est
1395 1031 1426 1095 in
1448 1027 1549 1094 lucem
1573 1029 1702 1112 emissa3
1733 1029 1818 1093 Wes-

236 1148 369 1232 sclingIo
392 1149 538 1230 exiguum
561 1149 717 1230 specimen
740 1148 781 1214 66
804 1148 892 1213 initio
915 1147 986 1213 libri
1009 1148 1099 1230 primi
1131 1147 1291 1228 usquead
1314 1167 1384 1230 pag.
1408 1148 1460 1227 21,
1476 1148 1517 1213 56
1547 1149 1817 1214 subministratum

237 1275 322 1342 erat;
343 1269 427 1351 quod
449 1267 575 1347 quidem
598 1267 839 1350 comparaverim
864 1265 1056 1332 6666666666
1078 1267 1234 1348 scriptura
1256 1273 1288 1332 et
1310 1268 1473 1349 dispositio
1488 1267 1653 1333 verborum
1670 1285 1739 1334 esse
1753 1265 1820 1332 lere

236 1386 363 1452 6666666
387 1387 418 1452 66
442 1386 467 1450 L
490 1392 522 1452 et
546 1385 587 1464 lt,
610 1385 641 1450 id
664 1385 747 1468 quod
770 1403 808 1449 ex
830 1382 1017 1450 lectionibus
1039 1382 1174 1466 vulgabit
1198 1383 1283 1450 nullo
1305 1386 1431 1468 negotio
1454 1384 1636 1466 percipitur.

391 1504 569 1570 Florentius
591 1505 621 1569 66
645 1501 833 1570 6666666666
856 1502 1069 1569 Laurentisne
1091 1504 1145 1583 qui
1167 1510 1293 1569 exstant
1314 1505 1464 1570 librorum
1481 1504 1611 1570 Diodori
1633 1521 1727 1570 manu
1743 1506 1818 1570 scri·

237 1629 363 1704 ptorum
386 1624 571 1689 veterrimus
595 1629 643 1688 est
665 1621 761 1704 plutei
787 1620 870 1687 LXX
892 1622 989 1688 codex
1013 1622 1041 1701 13
1063 1619 1118 1686 cir.
1143 1620 1274 1688 666666.
1298 1623 1337 1700 II,
1361 1623 1439 1688 654:
1470 1622 1557 1689 Libri
1587 1623 1678 1704 primi
1702 1623 1816 1704 prioris

235 1743 335 1826 partIs
356 1742 493 1826 plurima
515 1741 651 1808 suntab
674 1741 868 1820 exscriptore
890 1739 1032 1807 consulto
1054 1741 1291 1822 praetermissa;
1314 1741 1430 1808 etenim
1453 1748 1524 1823 post
1545 1743 1642 1810 verba
1663 1740 1818 1825 βεβαιοῦν

235 1861 466 1950 ἐγχεφὴσαμεν,
490 1879 571 1944 quae
598 1867 672 1927 sunt
700 1865 859 1941 postrema
880 1859 992 1942 capitis
1022 1858 1060 1938 V,
1087 1867 1262 1943 sequuntur
1291 1860 1323 1925 in
1351 1862 1460 1926 eodem
1490 1861 1573 1928 liuea
1601 1861 1671 1944 περὶ
1698 1861 1734 1925 δὲ
1764 1865 1819 1948 τῆς

228 1981 345 2068 χώρας
366 1981 414 2044 καὶ
437 1983 490 2044 τοῦ
515 1979 621 2043 Νείλου
643 2002 670 2044 κ.
693 1979 719 2042 l.
744 1977 809 2063 [34Ι
825 1977 891 2058 56],
915 1996 996 2060 quoe
1018 1980 1160 2044 incidunt
1189 1981 1249 2045 sub
1276 1977 1367 2046 finem
1396 1998 1463 2063 cap.
1487 1981 1528 2046 29
1551 1981 1601 2046 bia
1624 1983 1654 2046 in
1678 1982 1818 2058 margine

235 2101 406 2168 abeodem
429 2098 596 2181 appositis:
619 2099 706 2162 ἅτινα
729 2098 773 2172 ὡς
793 2095 930 2184 μυδώδη
953 2095 1132 2184 badelecca
1153 2096 1410 2184 κατελείφθησαν.
1454 2097 1558 2164 Sestio
1580 2099 1819 2166 6166666666666

236 2221 266 2286 In
290 2221 395 2288 verbis
417 2221 464 2286 δι’
486 2220 532 2285 ὢν
555 2219 639 2306 παρὰ
662 2223 726 2296 ταῖς
740 2209 882 2306 Ἕλλησιν
897 2215 1150 2303 ἐθαυμάσθησαν
1173 2217 1259 2297 [toa
1280 2217 1342 2300 161,
1365 2235 1447 2301 quoe
1467 2217 1617 2301 leguntur
1633 2220 1663 2284 in
1681 2237 1749 2302 cap.
1765 2219 1816 2284 96.

235 2339 385 2424 Sequitur
407 2340 481 2407 bibl.
503 2339 576 2406 bist.
599 2340 651 2407 lib.
676 2339 704 2406 11
728 2356 798 2405 com
821 2338 948 2420 praevio
970 2337 1071 2404 indice
1094 2337 1230 2420 capitum
1254 2337 1440 2421 quindecim.
1469 2337 1563 2404 Liber
1584 2336 1634 2401 111
1656 2340 1729 2406 item
1745 2357 1815 2406 cum

236 2459 344 2524 tabula
365 2462 501 2541 capitum
523 2459 661 2542 quinque
684 2458 799 2524 desinit
820 2459 852 2522 in
875 2458 978 2524 verbis
999 2459 1063 2519 τῶν
1089 2454 1372 2540 μυδαλαγνυμένων
1399 2454 1477 2540 παρ’
1497 2448 1645 2543 Ἕλλησιν,
1667 2475 1749 2541 quse
1772 2460 1817 2524 in·

236 2576 345 2640 666666
365 2576 424 2641 666
447 2576 569 2644 initium
591 2595 658 2658 cap.
675 2578 726 2641 66.
758 2576 816 2640 Hic
837 2593 961 2657 quoquo
983 2575 1181 2642 amanuensis
1204 2591 1280 2641 6666
1301 2576 1476 2642 omiesIonis
1497 2578 1651 2644 rationem
1669 2563 1818 2655 reddent,

236 2693 268 2758 in
301 2693 441 2775 margine
472 2693 609 2759 notulam
639 2692 850 2775 adscripscrat
877 2710 957 2775 quae
986 2713 1055 2760 onrn
1085 2694 1117 2759 in
1147 2693 1206 2760 boo
1232 2696 1339 2762 codice
1366 2695 1480 2772 abrasa
1506 2701 1616 2779 postca
1649 2699 1706 2778 sit,
1740 2698 1819 2766 inte·

235 2829 292 2895 gra
315 2817 420 2878 tamen
443 2811 599 2892 superfuit
619 2812 650 2878 in
675 2830 764 2891 nono,
787 2813 877 2878 cuius
899 2831 936 2878 err
958 2810 1018 2876 hoc
1039 2812 1132 2879 lectio
1154 2817 1223 2878 tota
1244 2812 1389 2894 defluxit,
1417 2815 1519 2882 etita
1544 2815 1654 2884 habet:
1681 2817 1720 2881 τὰ
1741 2815 1817 2900 γοῦν

236 2929 326 2994 torsa
348 2931 394 3006 ώς
413 2929 552 3016 μυθώδη
573 2953 608 2994 τε
630 2931 679 2994 καὶ
701 2929 830 3018 ληρώδη
851 2901 904 2992 διὰ
925 2928 1028 2992 αὐτῶν
1051 2929 1265 3015 παλυγραφίαν
1287 2932 1463 3018 νατέλειψα.
1508 2934 1646 3013 Quartus
1668 2935 1748 3002 liber
1772 2943 1817 3004 to·

236 3057 289 3115 tus
311 3055 361 3116 666
381 3049 525 3116 omissus.
563 3049 657 3115 Liber
679 3050 808 3130 quintus
829 3051 957 3133 praevio
980 3052 1054 3116 item
1077 3051 1214 3132 capitum
1236 3050 1295 3117 XV
1318 3052 1455 3132 elencho,
1479 3072 1549 3122 cum
1571 3055 1688 3122 haheat
1708 3055 1817 3122 XVIII

234 3183 323 3250 capp.
347 3167 422 3232 6666.
446 3167 557 3244 Wess,
581 3185 675 3248 qnam
696 3185 771 3250 prae
794 3169 937 3234 manibus
959 3167 1070 3236 habuit
1093 3169 1274 3248 BandInIus,
1303 3171 1419 3236 desinit
1446 3171 1478 3236 in
1501 3173 1606 3239 verbis
1635 3172 1816 3257 εὐεργεσίας

234 3283 505 3370 διαπορευόμενοι,
533 3305 614 3369 quac
645 3287 792 3370 leguntur
821 3287 915 3368 paulo
943 3293 1019 3352 ante
1047 3288 1182 3352 madlum
1212 3307 1280 3371 cap.
1302 3289 1354 3354 46.
1405 3289 1533 3356 Interim
1561 3293 1733 3358 notandum
1769 3299 1818 3360 est

236 3405 444 3472 Mediceorum
474 3405 614 3472 codicum
642 3407 734 3473 huius
762 3407 926 3489 scriptoris
953 3425 1049 3489 opera
1077 3408 1303 3474 continentium
1329 3407 1512 3476 collationes
1535 3410 1618 3478 ultro
1641 3412 1671 3476 in
1694 3430 1728 3478 se
1750 3431 1818 3480 sus·

233 3525 355 3608 cepisse
393 3526 562 3592 Antonium
609 3524 776 3593 Gocchiom
825 3543 996 3606 earumque
1039 3525 1231 3593 luculentam
1280 3533 1312 3591 et
1356 3533 1532 3594 accuratam
1574 3529 1815 3610 descriptionem

234 3643 329 3710 Petro
367 3644 574 3727 Wesselingio
611 3663 666 3728 pro
704 3647 802 3725 ipsius
846 3646 982 3711 editione
1025 3645 1208 3711 adornanda
1251 3645 1482 3724 transmisisse,
1519 3644 1668 3732 ‘quarum
1713 3655 1816 3716 tamen

235 3759 340 3828 usura’
374 3763 483 3846 (verba
515 3771 589 3830 sunt
618 3761 816 3846 wesselingii
849 3762 881 3828 66
910 3762 1128 3844 praefatione),
1161 3759 1249 3846 ‘quia
1277 3765 1411 3844 spissum
1444 3770 1476 3830 et
1511 3765 1699 3848 bibilopolac
1731 3769 1817 3834 dam·

233 3897 344 3947 nusum
374 3881 539 3948 ridebatur
566 3881 744 3966 negotium,
773 3882 834 3948 Irni
862 3903 922 3948 non
953 3881 1064 3949 licuit'
1117 3881 1236 3948 Subdit·
1265 3890 1369 3949 tamen
1400 3877 1453 3949 ‘se
1488 3886 1746 3954 animadvertisse
1783 3888 1815 3954 iu

234 3999 392 4082 plerIsque
415 4019 469 4066 eas
490 4019 564 4066 cunr
587 3999 838 4068 claromontanis
860 4003 959 4067 amice
981 3999 1185 4067 6666666666.>
1231 4000 1354 4083 Codex,
1380 4001 1435 4082 qni
1465 4003 1605 4072 continet
1626 4004 1751 4072 Arriani
1776 4008 1815 4074 de

233 4119 385 4186 adscensu
411 4120 578 4186 Alexandri
607 4139 644 4188 66
672 4127 838 4202 praeterea
861 4119 1020 4188 Plutarchi
1042 4119 1081 4184 66
1105 4117 1281 4184 Alexandro
1309 4117 1378 4184 libr.
1404 4119 1447 4197 11,
1477 4128 1542 4187 tuni
1569 4122 1695 4190 Diodori
1718 4123 1814 4191 Siculi

234 4234 309 4303 bibl.
331 4237 404 4304 6666.
427 4239 523 4306 libros
546 4237 590 4304 IV
614 4245 646 4306 66
677 4239 739 4306 alia
766 4241 936 4324 Anonymi,
966 4243 1091 4306 constat
1112 4257 1150 4304 ex
1172 4238 1254 4304 loliis
1284 4238 1409 4322 scriptis
1434 4242 1511 4316 197;
1534 4247 1583 4307 est
1612 4243 1814 4328 bombycinus

234 4371 293 4419 me.
315 4354 345 4419 in
368 4352 443 4422 66666
465 4374 547 4424 saec.
570 4355 646 4424 XIV
669 4359 786 4442 optime
807 4366 962 4426 servatus.

386 4470 490 4540 Plutei
513 4475 598 4542 Lxx
621 4478 719 4544 codex
742 4477 789 4544 lx
811 4479 918 4544 eadem
942 4496 1072 4559 prorsus
1094 4479 1233 4546 continet
1258 4499 1296 4548 ac
1323 4481 1444 4563 primos
1472 4483 1563 4550 buius
1591 4484 1690 4568 plutei
1717 4486 1814 4554 codex

232 4591 342 4658 ultimo
364 4609 458 4674 opere
481 4602 620 4675 excepto,
642 4597 726 4679 quod
749 4597 780 4662 66
804 4595 863 4662 666
885 4596 1092 4678 desideratur,
1116 4605 1284 4680 propterea
1305 4601 1389 4682 quod
1411 4601 1443 4665 in
1466 4599 1519 4667 illo
1541 4603 1715 4684 posteriore
1737 4611 1812 4671 tem·

231 4730 307 4794 pore
328 4729 365 4778 66
394 4712 519 4779 diversa
547 4731 640 4780 mann
663 4721 713 4782 est
734 4715 935 4798 deseripbam.
986 4716 1054 4782 Iioe
1083 4723 1189 4786 666666
1216 4717 1376 4799 exemplar
1401 4737 1438 4784 ex
1467 4718 1519 4786 illo
1546 4720 1719 4788 derivatum
1743 4739 1812 4790 esse

231 4837 318 4912 pater
340 4850 379 4898 ex
401 4832 501 4898 titulis
523 4833 717 4916 singolorum
739 4833 900 4913 librorum,
923 4835 1030 4915 quiin
1055 4841 1188 4918 utroque
1211 4835 1304 4901 iidem
1332 4837 1457 4902 omnino
1479 4847 1568 4916 aunt,
1598 4838 1672 4905 licet
1699 4840 1729 4906 in
1753 4842 1812 4908 boc

232 4967 340 5016 omnes
362 4951 551 5018 coniunctior
581 4954 612 5018 in
640 4953 742 5036 prima
763 4955 968 5024 exhibeantur
989 4955 1103 5037 pagina
1137 4955 1203 5020 suis
1232 4953 1344 5020 666666
1372 4951 1452 5021 Iocis
1474 4957 1575 5036 spatio
1597 4957 1637 5024 cd
1661 4958 1692 5024 id
1713 4977 1812 5026 vaano

232 5067 341 5134 reIIcto
362 5068 468 5135 rubris
490 5071 538 5136 vel
561 5071 666 5138 aureis
695 5073 943 5142 characteribus.
956 5073 1155 5157 depingendi.
1199 5072 1269 5152 Qua
1291 5070 1426 5140 66666666
1455 5073 1494 5140 66
1521 5093 1616 5233 corrasa
1645 5078 1738 5143 buius
1760 5095 1811 5146 co·

1587 5179 1603 5212 a
