4410 5664
373 1725 438 1834 llo
473 1721 668 1862 aliquot
701 1721 898 1833 Diodori
934 1722 1089 1836 Siculi
1123 1722 1269 1836 libris
1303 1748 1461 1834 manu
1495 1719 1710 1860 scriptis.

249 2053 286 2168 Ᾱ
309 2100 546 2181 magistratibus
569 2105 725 2184 potestate
747 2102 880 2184 benigne
903 2109 935 2169 ct
956 2100 1129 2170 liberaliter
1160 2101 1234 2166 data
1261 2100 1392 2182 contigit
1414 2105 1450 2166 ut
1471 2119 1527 2182 per
1549 2117 1665 2166 annum
1688 2115 1835 2166 versarer

248 2217 279 2283 in
311 2218 502 2286 Graecorum
537 2226 570 2286 et
602 2237 681 2301 quos
709 2221 841 2286 Romani
871 2221 1048 2288 incolebant
1080 2219 1209 2300 finibus,
1243 2239 1322 2303 quas
1348 2219 1491 2302 regiones
1518 2218 1653 2284 adeundi
1680 2217 1765 2299 cepit
1786 2235 1835 2283 me

249 2355 389 2419 puerum,
413 2339 514 2405 uirum
542 2339 644 2405 tenuit
674 2339 875 2406 desiderium.
920 2343 965 2406 Ac
996 2341 1069 2405 dum
1093 2337 1216 2404 Italiam
1239 2356 1382 2421 peragro,
1410 2337 1549 2404 laborem
1580 2343 1612 2401 et
1643 2353 1769 2418 operam
1793 2336 1833 2401 ed

248 2459 478 2538 cognoscendos
501 2457 597 2524 libros
621 2458 750 2524 Diodori
772 2457 871 2525 Siculi
893 2476 986 2524 manu
1010 2458 1144 2541 scriptos
1166 2456 1321 2540 impendi,
1349 2463 1385 2522 ut
1407 2456 1439 2522 id
1469 2456 1553 2540 quod
1576 2473 1665 2520 nemo
1689 2455 1719 2520 ni
1743 2452 1835 2518 telier

248 2575 287 2638 ad
311 2575 369 2640 hoc
392 2581 515 2657 tempus
537 2577 596 2642 sibi
619 2577 790 2660 proposuit,
812 2595 875 2658 quo
897 2578 1090 2659 cognationis
1107 2576 1231 2644 vinculo
1254 2575 1409 2642 coniuncti
1432 2581 1537 2642 essent
1559 2576 1643 2640 inter
1664 2593 1697 2640 se
1713 2573 1834 2640 codices

250 2691 393 2760 Diodorei
417 2701 561 2760 accurate
585 2695 789 2778 exquirerem.
819 2694 879 2762 Sed
903 2697 1053 2777 temporis
1075 2696 1230 2779 angustiis
1257 2713 1296 2761 ne
1318 2713 1355 2762 ea
1376 2713 1440 2779 qna
1462 2693 1566 2762 decuit
1581 2692 1743 2775 diligentia
1760 2709 1832 2776 qua·

247 2829 308 2894 qne
330 2811 424 2878 aliter
446 2813 535 2878 lacile
557 2814 626 2882 liceri
648 2814 752 2898 potnit
775 2815 871 2882 libros
894 2823 1061 2884 tractarem
1085 2816 1229 2880 exclusus
1251 2832 1329 2880 sum.
1376 2813 1446 2894 Qua
1472 2832 1507 2879 re
1536 2831 1726 2897 quamquam
1749 2812 1834 2896 quod

248 2937 320 3013 peto
349 2934 485 2999 nondum
517 2943 703 3002 consecutus
737 2954 822 3015 snm,
861 2936 1045 3020 praesertim
1077 2953 1147 3001 cnm
1184 2933 1274 3000 libris
1309 2932 1462 2999 Porisiuis
1498 2951 1559 2998 non
1589 2931 1736 3015 inspectis
1769 2937 1836 2998 stu·

248 3052 299 3118 dia
322 3061 428 3119 essent
450 3054 609 3136 impedita,
632 3063 734 3122 tamen
759 3055 906 3123 nonnullo
930 3058 989 3122 iam
1013 3053 1175 3136 collegisse
1204 3053 1281 3119 mihi
1303 3053 1420 3132 uideor,
1442 3071 1522 3135 quae
1544 3052 1663 3135 aliquid
1686 3053 1835 3119 momenti

247 3171 288 3236 ad
310 3175 524 3254 quaestionem
553 3174 730 3240 solvendam
753 3175 895 3256 silerent,
925 3193 1026 3258 neque
1054 3181 1090 3240 ut
1119 3192 1229 3242 vereor
1258 3193 1297 3238 ne
1324 3172 1425 3254 megia
1455 3173 1631 3239 incohatam
1660 3169 1834 3256 relinquam

247 3289 455 3371 cognitionem
477 3299 573 3374 atque
595 3293 782 3360 inconditam
805 3311 899 3374 quem
922 3294 962 3358 ad
985 3295 1076 3359 tinem
1099 3293 1254 3375 quuendam
1278 3293 1476 3376 pendnetem,
1499 3290 1646 3374 itaquae
1668 3289 1833 3358 observavi

247 3425 316 3474 meo
339 3407 477 3492 periculo
504 3410 536 3474 iu
569 3410 705 3476 medium
728 3412 868 3492 prolerre
892 3412 1009 3478 dubito.
1056 3409 1140 3478 Satis
1162 3419 1267 3478 summ
1291 3411 1390 3477 habeo
1413 3412 1452 3478 de
1474 3411 1613 3494 priorum
1636 3409 1774 3493 quinque
1797 3407 1834 3474 li-

249 3529 376 3595 brornm
400 3528 560 3596 codicibus
583 3531 749 3597 disserere.

404 3649 506 3732 litque
528 3649 663 3732 primum
689 3649 842 3716 editiones
865 3651 1073 3720 bibliothecae
1102 3651 1271 3720 historicae
1299 3650 1385 3720 breul
1412 3651 1444 3717 in
1472 3657 1638 3734 conspectu
1665 3653 1831 3734 ponantur.

250 3765 339 3846 Quod
357 3773 462 3832 autem
478 3769 509 3832 in
527 3767 641 3834 multos
656 3769 793 3835 Graecos
809 3769 923 3836 cecidit
938 3771 1117 3855 scriptores,
1134 3773 1164 3838 id
1181 3773 1275 3839 etiam
1291 3769 1430 3837 Diodoro
1446 3770 1569 3850 accidit,
1593 3775 1629 3836 ut
1643 3771 1674 3836 in
1692 3770 1829 3852 lingnam

250 3887 394 3954 Ludnam
418 3907 586 3957 conuersus
608 3889 699 3974 prius
722 3908 814 3973 quam
838 3891 958 3960 Graece
981 3895 1064 3976 typis
1087 3892 1323 3959 exscriberetur.
1361 3889 1538 3972 Poggianae
1560 3889 1832 3973 interpretationis

248 4009 392 4092 princeps
415 4027 513 4092 eaque
536 4030 665 4106 perrara
681 4010 779 4078 editio
794 4017 842 4078 est
858 4011 1065 4078 Bononiensis
1080 4011 1153 4077 anni
1169 4005 1435 4089 mcccclxml,
1452 4027 1544 4092 quom
1562 4008 1741 4076 Diodortius
1763 4027 1832 4074 ease

249 4144 309 4193 non
332 4127 512 4211 adspexisse
534 4129 693 4213 protessus
715 4137 773 4198 est.
802 4131 911 4214 Neque
933 4135 1037 4195 tameo
1060 4131 1107 4195 ita
1129 4129 1254 4195 difficile
1277 4135 1325 4194 est
1341 4147 1408 4194 earn
1431 4129 1462 4194 in
1486 4147 1596 4194 manns
1619 4146 1759 4211 somere;
1782 4146 1834 4194 ex·

249 4252 314 4312 stat
336 4247 416 4313 enim
440 4251 506 4316 eius
529 4251 688 4332 exemplar
709 4249 888 4316 Florentiae
910 4251 941 4315 in
965 4248 1153 4315 bibliothece
1175 4267 1256 4331 qnae
1279 4253 1409 4313 vocatur
1431 4245 1581 4312 nationali
1603 4245 1639 4312 C.
1654 4247 1682 4310 2.
1707 4263 1756 4311 no.
1773 4245 1832 4326 34;

248 4363 382 4431 alterum
407 4369 561 4450 reperitur
584 4371 614 4435 in
638 4371 725 4452 regia
747 4369 935 4436 bibliothece
957 4366 1161 4433 Beroliucnei.
1207 4365 1295 4432 Aliras
1324 4365 1434 4433 omitto
1464 4365 1633 4445 editiones,
1661 4365 1775 4450 quibus
1799 4364 1833 4429 li·

249 4485 297 4551 bri
320 4485 449 4552 Diodori
471 4487 502 4552 in
526 4486 671 4554 utinum
700 4488 843 4555 translati
873 4489 1082 4555 continentur.
1136 4485 1255 4551 Graece
1282 4483 1471 4552 bibliotheca
1501 4491 1568 4551 tota
1595 4504 1674 4569 quae
1704 4485 1830 4566 quidem

249 4605 387 4686 supersit
409 4623 471 4670 non
495 4606 540 4673 ita
562 4625 655 4689 saepe
683 4605 767 4673 toras
798 4607 883 4674 edite
913 4615 976 4687 est,
1005 4613 1170 4691 postquam
1199 4603 1354 4670 vincentii
1377 4602 1534 4686 Opsopoei
1557 4621 1652 4686 opere
1674 4607 1706 4669 et
1728 4603 1833 4670 studio

249 4720 320 4788 libri
341 4721 480 4806 quinque
508 4743 545 4790 ex
574 4724 624 4789 his
653 4725 704 4808 qui
728 4730 862 4792 aetatem
892 4722 1034 4792 tulerunt
1055 4722 1205 4806 postremi
1227 4723 1267 4790 ab
1296 4729 1383 4788 sexto
1407 4721 1526 4789 decimo
1553 4741 1653 4804 usque
1682 4723 1721 4787 ad
1752 4723 1833 4788 uice·

248 4840 360 4906 simum
383 4842 488 4908 emissi
510 4847 585 4909 sunt
605 4841 748 4909 Basileus
775 4863 803 4909 a.
827 4843 1025 4910 MDXXXIX
1048 4844 1096 4908 4⁰.
1141 4841 1331 4924 omnesqui
1354 4847 1479 4908 exstant
1509 4841 1607 4908 edidit
1634 4841 1780 4908 Generae
1802 4859 1831 4906 a.

251 4955 385 5024 mnnlx
401 4960 452 5027 tol.
469 4959 580 5044 uiginti
596 4961 688 5026 aunis
702 4967 773 5044 post
788 4961 985 5045 Opsopoeum
998 4960 1153 5028 Henricus
1165 4961 1343 5045 Stephanus
1356 4978 1422 5043 qna
1436 4967 1505 5026 erat
1519 4961 1661 5028 doctrine
1677 4958 1833 5044 singulari

1613 5064 1626 5116 ι
