4410 5664
1165 513 1186 576 4

1071 599 1274 610 —---.-——

384 717 483 795 cibus,
506 716 653 799 permulti
675 715 790 798 quibua
812 715 964 782 obnoxius
987 721 1036 780 eat
1058 711 1094 778 V.
1119 715 1155 778 D.
1178 714 1383 780 occurrerunt
1404 729 1536 789 errores,
1560 709 1620 778 etsi
1643 709 1806 793 diligentia
1827 709 1896 776 eius
1918 729 1966 778 sa·

385 839 426 901 tis
449 841 590 919 spectata
612 841 670 900 est.
714 834 843 902 Accedit
863 835 894 900 id
917 834 1000 916 quod
1024 834 1150 900 maioris
1173 834 1320 900 momenti
1343 837 1400 908 est
1425 840 1460 897 ut
1482 832 1706 914 wesselingius
1730 849 1768 897 ea
1790 837 1894 897 mente
1916 850 1966 897 ra·

384 957 448 1021 rias
470 975 506 1022 ac
529 955 669 1020 diverses
691 953 840 1020 lectiones
862 952 1043 1030 excusserit,
1068 958 1102 1017 ut
1124 951 1298 1018 orationem
1321 955 1496 1018 contextam
1526 949 1664 1015 alliceret
1685 955 1824 1032 apertam
1856 950 1899 1015 ad
1923 951 1968 1014 in·

385 1075 608 1156 tellegendum3
633 1072 663 1136 id
687 1091 747 1137 non
769 1089 898 1153 operam
921 1072 1063 1150 navavit,
1088 1078 1123 1136 ut
1149 1071 1343 1152 singulorum
1373 1071 1512 1138 codicum
1543 1071 1731 1154 scripturam
1759 1076 1967 1148 enumeraret,

385 1193 440 1256 sed
462 1192 494 1256 in
517 1191 730 1257 adscribendis
746 1190 901 1272 acquievit
917 1207 997 1272 quae
1012 1188 1180 1271 plurimum
1203 1189 1365 1256 differrent
1387 1187 1545 1255 vocabulis
1568 1187 1735 1254 cuiuslibet
1755 1187 1870 1252 codicis
1895 1193 1969 1254 nota

386 1311 537 1394 apposita
583 1308 693 1390 ltaque
721 1309 835 1375 accidit
865 1315 900 1374 ut
922 1310 1024 1377 adhuc
1048 1312 1222 1377 nesciamus
1245 1327 1325 1393 quae
1348 1309 1431 1374 ratio
1454 1309 1535 1375 inter
1557 1309 1680 1376 codices
1702 1309 1886 1374 intercedat.
1932 1308 1968 1372 ld

387 1429 603 1514 superioribus
626 1429 820 1512 temporibus
841 1431 966 1494 omnino
990 1449 1050 1495 non
1073 1429 1258 1512 inquisitum
1282 1435 1449 1512 astatque
1476 1429 1570 1494 etiam
1593 1427 1773 1506 Bcklrerus‚
1803 1433 1838 1492 ut
1860 1425 1970 1494 calluit

386 1549 542 1615 Graecum
565 1565 748 1626 sermonem,
772 1549 863 1614 modo
886 1548 979 1615 huius
1002 1550 1093 1616 modo
1116 1549 1200 1615 illius
1223 1549 1339 1616 codicis
1365 1549 1460 1614 verba
1487 1549 1527 1614 ad
1555 1547 1719 1614 arbitrium
1749 1565 1841 1612 suum
1867 1545 1970 1612 libidi-

386 1688 519 1753 nemque
542 1671 572 1736 in
595 1675 715 1736 textum
738 1669 879 1734 adscivit.
924 1669 1048 1736 Nostris
1070 1675 1176 1736 autern
1199 1669 1393 1752 temporibus
1421 1666 1449 1732 si
1474 1669 1545 1748 quis
1569 1667 1635 1732 vuit
1659 1685 1822 1732 recensere
1844 1665 1968 1745 librum,

388 1791 437 1855 via
460 1796 492 1854 et
513 1790 634 1856 ratione
656 1788 687 1854 in
711 1807 827 1870 genera
850 1795 937 1854 certa
958 1789 1080 1856 codices
1110 1789 1139 1854 ei
1167 1789 1380 1872 distinguendi
1407 1793 1481 1853 sunt
1510 1792 1543 1852 et
1570 1793 1702 1852 stemma
1729 1787 1811 1867 quod
1840 1791 1970 1852 vocatur

387 1909 529 1975 codicum
554 1907 743 1991 eruendum3
774 1925 906 1989 quorum
934 1907 1018 1991 quod
1040 1927 1139 1990 genus
1162 1908 1301 1991 proxime
1330 1907 1478 1976 accedere
1509 1906 1653 1972 videatur
1682 1905 1721 1972 ad
1753 1905 1969 1988 archetypum,

389 2027 421 2092 id
444 2027 525 2110 typis
548 2026 745 2093 exscribitur.
1022 2029 1025 2036 '

541 2144 678 2212 Stemma
700 2145 841 2214 codicum
858 2146 1064 2214 bibliothecae
1086 2148 1127 2213 ad
1143 2148 1391 2230 cognoscendum
1408 2146 1513 2211 variae
1527 2146 1675 2213 lectiones
1689 2145 1792 2212 adhuc
1806 2149 1971 2226 excerptae

387 2285 448 2332 uon
471 2266 548 2331 satis
571 2265 714 2332 idoneam
737 2284 844 2332 ansam
875 2265 966 2348 dant;
996 2284 1130 2347 namque
1159 2267 1237 2330 alias
1260 2285 1330 2331 eum
1359 2264 1423 2331 sint
1453 2283 1589 2345 mancae,
1621 2267 1786 2343 deserunt,
1813 2261 1971 2331 interdurn

387 2383 536 2451 contusae
558 2403 615 2451 uos
638 2385 797 2451 erroribus
819 2384 997 2465 implicaut3
1019 2390 1211 2468 quapropter
1233 2386 1272 2450 ad
1295 2385 1417 2451 codices
1441 2387 1524 2467 ipsos
1540 2385 1759 2451 revertendum
1775 2388 1835 2451 est.
1857 2385 1972 2464 Quam-

386 2520 480 2586 quam
504 2521 575 2584 spes
598 2502 734 2570 estsere
756 2521 885 2586 prorsus
908 2505 1061 2571 exstincta
1075 2505 1328 2587 reperiendorum
1344 2506 1504 2584 librorum,
1521 2507 1575 2588 qui
1598 2505 1701 2572 adhue
1716 2506 1899 2588 inexplorati
1923 2503 1972 2572 vel

387 2623 503 2706 integri
531 2621 632 2691 relicti
659 2624 731 2690 sint.
777 2624 824 2690 Ex
848 2623 886 2690 iis
908 2627 1012 2690 autem
1035 2625 1090 2706 qui
1112 2625 1173 2690 ianr
1195 2626 1322 2693 tractati
1346 2634 1430 2706 suut,
1454 2644 1642 2709 quamquam
1666 2625 1756 2692 loeiie
1777 2623 1844 2692 fieri
1868 2631 1973 2708 potest

388 2749 424 2812 ut
445 2763 544 2812 novae
571 2745 720 2812 lectiones
748 2763 830 2829 quae
860 2744 964 2828 magni
995 2745 1089 2828 pretii
1117 2745 1181 2811 sint
1209 2765 1328 2828 paucae
1349 2745 1465 2827 fluant,
1495 2753 1597 2814 tamen
1626 2758 1661 2812 ut
1684 2747 1872 2812 diiudicetur
1894 2746 1970 2827 quid

387 2863 512 2932 valeant
533 2864 647 2946 singuli
669 2865 792 2933 codices
814 2865 854 2932 ad
876 2864 1043 2949 genuinam
1058 2865 1230 2932 orationem
1248 2865 1377 2932 Diodori
1399 2865 1623 2932 restituendam
1645 2867 1778 2947 quisque
1801 2883 1909 2931 eorum
1931 2866 1973 2931 sit

388 2985 688 3070 praestantissimus,
712 2987 890 3054 revolvendi
913 2995 987 3055 sunt
1008 2993 1041 3053 et
1062 2987 1230 3068 relegendi.

543 3106 639 3184 Libri,
664 3107 717 3189 qui
741 3107 877 3172 universi
902 3108 1028 3173 Diodori
1057 3107 1163 3190 operis
1192 3105 1392 3190 superstitem
1421 3111 1541 3189 partem
1571 3113 1666 3172 totam
1697 3108 1971 3193 comprehendant,

389 3229 512 3292 exstare
535 3224 679 3292 videntur
702 3226 787 3291 nulii.
822 3225 936 3293 Decem
960 3235 1063 3293 autem
1087 3229 1218 3306 codices,
1242 3229 1356 3310 quibus
1380 3225 1450 3292 libri
1474 3225 1610 3308 quinque
1632 3225 1754 3307 priores
1776 3233 1832 3292 aut
1854 3226 1971 3310 integri

390 3352 445 3411 aut
469 3364 506 3410 ex
529 3351 618 3428 parte
641 3347 856 3425 continentur,
884 3349 937 3430 qui
968 3349 1092 3428 quidem
1121 3355 1247 3432 praesto
1277 3347 1395 3413 luerint
1424 3347 1613 3424 editoribus,
1645 3345 1823 3412 Diodorfius
1851 3348 1973 3427 praefu-

389 3465 473 3530 tione
496 3465 629 3545 collegit,
653 3467 707 3547 qui
729 3483 802 3530 num
826 3465 881 3531 ulli
904 3465 1065 3549 supersint
1086 3467 1135 3532 his
1158 3468 1256 3533 multo
1284 3467 1511 3533 emendatiores
1540 3485 1597 3532 suo
1626 3466 1695 3532 iure
1723 3464 1857 3533 dubitat.
1903 3467 1972 3534 Ste-

389 3583 526 3665 phanum
548 3582 581 3649 in
604 3583 712 3663 primis
736 3584 977 3653 claromontano
1001 3593 1133 3669 utroque
1163 3605 1253 3652 usum
1276 3605 1345 3653 esse
1367 3604 1465 3670 supra
1488 3588 1605 3653 dictum
1628 3594 1691 3668 est;
1714 3608 1784 3654 eum
1807 3595 1972 3670 praeterea

389 3711 531 3769 secutum
567 3721 635 3770 esse
670 3705 845 3771 Parisinum
882 3705 1039 3786 signatum
1076 3723 1205 3772 numero
1237 3705 1398 3772 mocula
1421 3705 1646 3788 Wesselingius
1675 3709 1715 3773 ad
1747 3727 1839 3791 pagg.
1855 3708 1906 3773 68.
1930 3709 1971 3773 82

390 3824 568 3888 coniectura
590 3831 764 3904 auguratus
786 3831 843 3890 est.
889 3824 1151 3890 claromontanus
1173 3826 1252 3892 liber
1279 3829 1364 3908 prior
1381 3828 1505 3894 circiter
1527 3826 1618 3892 finem
1650 3828 1823 3894 duodecimi
1854 3829 1971 3895 saeculi

389 3943 525 4024 scriptus
548 3961 617 4009 ease
640 3942 755 4027 ler·tur;
777 3946 876 4011 eidem
893 3943 960 4012 lere
977 3946 1111 4028 tempori
1126 3944 1343 4013 attribuuntur
1358 3948 1480 4013 codices
1497 3955 1529 4012 et
1546 3945 1715 4016 Vaticanus
1731 3947 1854 4028 CXXX,
1878 3967 1971 4030 quem

391 4062 614 4144 Wesseiiogius
636 4064 770 4130 couierri
793 4066 935 4144 iusserat,
959 4072 991 4133 et
1015 4066 1260 4132 vindobonensis
1283 4064 1388 4150 Suppi.
1406 4087 1453 4149 gr.
1470 4069 1521 4144 74,
1544 4086 1636 4149 quem
1659 4070 1796 4134 omnium
1819 4070 1970 4151 optimum

387 4190 421 4249 et
442 4183 693 4263 antiquissimum
715 4182 847 4250 ‘scilieet
874 4185 971 4251 seculi
1001 4186 1103 4253 octavi
1127 4187 1176 4252 uei
1200 4185 1286 4253 uoni’
1317 4187 1454 4253 editores
1485 4187 1640 4270 Bipontini
1669 4195 1876 4270 putauerunt3
1908 4190 1969 4254 vid.

390 4277 450 4369 vol.
473 4303 498 4367 Ι.
529 4320 558 4383 p.
582 4301 736 4368 CLXiII.
786 4303 827 4368 Hi
855 4310 919 4369 tres
947 4310 1021 4369 suut
1050 4306 1269 4386 antiquissimi.
1319 4304 1498 4372 Dindortius
1520 4307 1658 4372 codicem
1690 4305 1969 4388 vindobonensem,

389 4441 480 4504 quem
505 4424 624 4489 notavit
650 4423 756 4489 littera
780 4426 805 4490 D
829 4427 1010 4492 auctoribus
1041 4423 1234 4507 Bipoutinis,
1262 4427 1439 4491 accuratius
1466 4425 1516 4490 his
1545 4427 1648 4492 uerbis
1675 4427 1841 4509 descripsit
1870 4429 1968 4511 prael.

360 4521 363 4528 ¹
391 4563 420 4625 p.
438 4541 500 4608 III:
521 4537 783 4608 ‘Vindoboneusis
807 4544 939 4610 Lxxrx
954 4546 1050 4613 libros
1067 4545 1153 4612 1-v
1176 4553 1286 4613 tenens
1309 4547 1382 4612 oiim
1407 4549 1704 4630 augustinianorum
1729 4550 1760 4615 S.
1784 4549 1908 4614 loannis
1931 4549 1971 4614 dc

389 4659 581 4728 Carbonaria
605 4661 879 4745 Neapolitanorum
902 4666 942 4731 ab
965 4665 1013 4730 bis
1036 4663 1147 4732 Carolo
1173 4665 1214 4730 Vl
1231 4666 1378 4750 Neapolis
1400 4665 1524 4734 domino
1547 4668 1670 4733 oblatus
1693 4669 1725 4732 iu
1750 4667 1970 4734 bibliothecam

392 4779 663 4848 vindobonensem
686 4783 820 4848 transiit.
862 4785 920 4848 Est
941 4785 1198 4852 membranaceus
1220 4785 1363 4852 loliorum
1387 4786 1504 4853 formae
1527 4791 1658 4869 quartae
1681 4789 1752 4866 297,
1777 4789 1891 4854 saeculi
1914 4807 1971 4853 un·

391 4901 501 4973 decimi
525 4903 609 4967 visus
632 4899 871 4968 Monteiulconio
899 4900 986 4969 Dior.
1014 4903 1083 4970 ital.
1112 4925 1142 4988 p.
1159 4905 1221 4970 310
1249 4914 1280 4972 et
1309 4905 1448 4973 Kollario
1477 4907 1634 4989 Supplem·
1664 4907 1821 4980 Larubecii
1845 4926 1874 4988 p.
1892 4907 1967 4972 488.
