4410 5664
1173 557 1213 621 18

405 759 466 826 v11
490 759 568 842 (XO,
592 761 635 841 5).
680 758 716 825 Io
740 764 922 840 tegumento
944 758 1015 826 libri
1039 759 1103 824 iere
1126 760 1229 825 soluto
1250 757 1406 839 inscripta
1427 762 1502 823 sunt
1523 756 1616 824 haec:
1649 761 1772 844 πρῶτον
1796 761 1840 820 τῶ
1863 756 1985 822 ἐπιεικεῖ

404 879 453 940 καὶ
476 875 710 961 πεπαιδευμένω
738 873 908 963 εὐπυτρίδη
937 877 1033 962 κυρίω
1059 871 1236 962 Ἱερωνύμω
1267 876 1358 962 Ζήνω
1389 895 1449 942 non
1479 875 1658 956 suscripta
1686 876 1834 942 litteren.
1880 874 1987 942 (lodex

404 1004 452 1062 cst
475 998 730 1062 membranaceus
753 996 896 1062 loliorum
921 998 996 1077 188;
1018 995 1116 1080 quina
1137 996 1212 1062 iolie
1237 997 1328 1076 quasi
1358 1017 1455 1066 unum
1484 1015 1597 1078 corpus
1626 994 1775 1061 efficiunt.
1819 993 1916 1060 Nulla
1936 995 1987 1060 lit·

404 1122 472 1181 τοτε
496 1115 556 1180 nisi
579 1137 601 1178 π
628 1116 770 1181 vocabuli
801 1116 874 1200 περί
897 1117 1025 1182 ineunte
1054 1117 1156 1198 capite
1187 1131 1276 1183 sexto
1303 1116 1375 1182 libri
1403 1115 1495 1198 primi
1524 1115 1620 1180 rubro
1648 1115 1751 1180 colore
1778 1111 1894 1178 iniecta
1921 1117 1987 1191 est;

403 1233 474 1299 rufa
498 1240 602 1298 eutem
626 1241 675 1299 est
697 1234 885 1316 subscriptio
910 1233 989 1297 Θεοῦ
1008 1236 1042 1297 τὸ
1065 1232 1179 1317 δῶρον.
1203 1236 1260 1322 ἠδὲ
1283 1235 1441 1320 Καίσαρος
1463 1232 1566 1308 πόνος.
1611 1231 1731 1299 Ibidem
1761 1232 1799 1296 cl.
1824 1229 1894 1296 v11.
1917 1231 1985 1298 cod.

404 1350 481 1418 VllI
513 1351 590 1433 (XC,
609 1354 641 1434 7)
670 1359 773 1418 exstat
795 1353 892 1418 codex
913 1355 1039 1436 quidam
1063 1357 1226 1421 continens
1247 1355 1344 1422 libros
1366 1351 1526 1430 xl-xx,
1550 1352 1604 1433 qui
1634 1359 1683 1416 est
1705 1352 1749 1416 ita
1771 1351 1986 1434 subscriptus:

406 1473 534 1556 Χριστῷ
555 1473 601 1555 τῷ
625 1469 708 1534 δόντι
730 1469 830 1559 ἀρχὴν
852 1474 900 1534 καί
921 1471 1013 1549 τέλος
1034 1471 1123 1546 δόξα.
1170 1464 1293 1559 Καῖσαρ
1319 1473 1496 1558 στρατηγὸς
1524 1469 1767 1554 Λακεδαιμόνιος
1789 1469 1822 1532 ἐν
1846 1467 1989 1554 Φλωρεν-

408 1590 458 1677 rip
481 1589 665 1674 ἐξέγρσςόεν.
711 1593 835 1673 Ambigi
858 1598 963 1674 potest
984 1612 1057 1658 num
1086 1611 1196 1658 manus
1227 1593 1335 1659 eadem
1366 1593 1408 1656 sit
1435 1598 1530 1671 etque
1556 1589 1589 1654 in
1617 1589 1723 1671 priore
1753 1588 1875 1684 codice,
1902 1587 1988 1670 quod

406 1709 464 1775 viri
487 1710 570 1775 docti
599 1690 803 1776 crediderunt
829 1717 989 1778 sumentes
1012 1712 1069 1778 hos
1091 1713 1169 1778 duos
1191 1713 1314 1778 codices
1336 1713 1375 1778 sb
1403 1711 1511 1777 eodem
1535 1709 1670 1776 Caesare
1693 1709 1885 1789 conscriptos
1907 1725 1986 1774 esse.

405 1827 488 1893 Illud
519 1847 592 1895 vero
619 1829 725 1912 eliqua
752 1835 801 1894 est
826 1831 1029 1912 auctoritate,
1052 1831 1134 1914 quod
1158 1830 1237 1897 liber
1259 1828 1293 1894 Μ
1315 1831 1470 1898 consentit
1492 1847 1562 1896 cum
1578 1827 1755 1895 Olerom.F
1776 1826 1809 1892 in
1833 1826 1882 1908 iis,
1905 1842 1988 1910 quae

405 1954 480 2012 snut
501 1953 535 2013 et
555 1947 674 2029 scripte
695 1954 728 2012 et
749 1948 874 2012 omissa
919 1946 1014 2014 Velut
1035 1951 1258 2032 praetermissa
1279 1957 1354 2016 sunt
1376 1951 1467 2015 haec:

563 2065 611 2142 16,
629 2065 670 2128 99
692 2061 784 2129 τοῦτο
805 2063 864 2149 μὲν
885 2065 946 2150 γὰρ
970 2063 1084 2152 εὔηθες
1106 2067 1266 2156 ὑπάρχειν]
1290 2087 1350 2134 om.
1373 2064 1470 2132 FLM.

562 2183 613 2263 21,
629 2184 669 2250 57
690 2183 825 2266 μάλιστα
848 2187 961 2262 πάντες
982 2185 1145 2269 ἅνθρωποι
1167 2190 1222 2252 τοῦ
1245 2186 1280 2250 δὲ
1303 2182 1402 2250 κιττοῦ
1425 2184 1481 2270 τὴν
1501 2181 1623 2268 εὕρεσιν
1638 2129 1837 2248 ἀνατιθέασιν
1857 2179 1988 2267 Ὀσίριδι

406 2302 456 2365 καὶ
478 2301 675 2388 καθιεροῦσιν
698 2301 791 2366 atrro
814 2303 914 2388 τούτῳ
938 2327 983 2389 τῳ
1006 2302 1087 2391 θεῷ]
1111 2324 1171 2371 om.
1195 2304 1298 2380 GLM;
1321 2303 1369 2368 F?

561 2421 632 2498 110,
648 2421 700 2486 25.
716 2420 757 2485 26
780 2423 834 2508 τὴν
857 2421 961 2506 φοράν
988 2425 1129 2487 ποιεῖται·
1163 2422 1386 2510 παραπλησίως
1414 2421 1449 2486 δὲ
1477 2422 1524 2486 καί
1554 2422 1606 2486 τὸν
1631 2417 1769 2493 Εὔδοξον
1798 2418 1991 2508 ἀστρολογή-

408 2563 507 2604 σαντα
529 2537 605 2625 παρ’
629 2537 747 2619 αὐτοῖς]
771 2558 831 2607 om.
854 2539 950 2607 FLM.
996 2541 1056 2608 Pro
1086 2543 1345 2609 antecedentibus
1368 2542 1525 2609 vocabulis
1548 2540 1687 2604 ἐναντίαν
1708 2539 1746 2604 δὲ
1773 2543 1837 2618 ταῖς
1860 2539 1931 2618 110,
1947 2540 1989 2604 24

407 2659 544 2741 spatium
567 2664 616 2724 est
637 2659 670 2724 in
691 2659 781 2725 codd.
806 2655 867 2724 Ldl
888 2678 1021 2726 vacuum
1043 2661 1196 2728 relictum.
1695 2670 1700 2680 '

564 2779 634 2859 110,
650 2778 693 2843 33
714 2779 792 2844 κατὰ
814 2778 850 2844 δὲ
874 2781 928 2868 τὴν
945 2774 1083 2867 Ἔφεσον
1105 2782 1164 2847 ὑπὸ
1185 2781 1242 2847 τοῦ
1265 2781 1406 2868 ἀδελφοῦ
1427 2781 1597 2866 Θεοδώρου
1611 2783 1647 2847 τό
1669 2779 1779 2863 ἕτερον
1799 2779 1899 2866 μέρος
1919 2801 1989 2844 συν·

409 2895 602 2984 τελεσθῆναι]
626 2917 686 2966 om.
708 2897 785 2980 Fen
808 2919 888 2968 serr.
905 2899 970 2966 DL.

561 3019 634 3098 363,
650 3019 777 3086 30-32
800 3020 834 3085 ἐν
856 3020 961 3098 πότοις
980 3020 1018 3086 δὲ
1040 3023 1088 3087 καλ
1106 3021 1276 3110 ῥᾳθυμίαις
1297 3020 1464 3105 ἀνάνδροις
1485 3020 1631 3103 βιοῦντες
1644 3017 1699 3084 οὐκ
1714 3018 1836 3101 ἀλόγως
1851 3019 1904 3105 τὴν
1926 3021 1992 3082 τῶν

411 3137 555 3223 πατέρων
588 3139 685 3213 δόξαν
717 3138 752 3202 ἐν
784 3141 849 3215 τοῖς
882 3139 1026 3224 πολέμοις
1059 3141 1307 3228 ἀποβεβλήκασι]
1342 3159 1402 3208 om.
1432 3137 1513 3205 FMJ
1548 3139 1605 3221 (de
1637 3137 1848 3206 laurentiano
1876 3138 1898 3204 J
1927 3137 1991 3203 rid.

409 3258 503 3340 paulo
525 3255 679 3340 inferius).

562 3377 673 3461 Neque
695 3385 799 3444 tamen
822 3384 927 3461 potest
948 3377 1123 3460 exscriptus
1138 3397 1207 3448 esse
1222 3397 1260 3445 ex
1276 3378 1343 3445 cod.
1360 3379 1394 3456 F,
1417 3376 1493 3460 quia
1513 3395 1594 3459 quae
1617 3378 1755 3443 servarit
1776 3378 1844 3443 cod.
1867 3375 1991 3442 linon-

413 3497 499 3563 ndllu
523 3498 626 3564 omisit
647 3497 682 3562 F.
720 3497 903 3579 Exemplum
920 3497 1047 3563 efferam
1064 3498 1138 3565 hoe:
1161 3499 1234 3577 356,
1252 3499 1377 3563 18-20
1398 3495 1549 3580 ἐπιμιξίαν
1569 3496 1685 3583 ταύτης
1698 3494 1807 3583 ἔτυχον
1823 3499 1879 3583 τῆς
1894 3517 1991 3577 προσ·

413 3616 559 3706 ηγυρίας,
589 3615 676 3680 δυοῖν
705 3615 739 3679 δ’
750 3615 853 3682 λθνῶν
883 3615 1017 3701 δλιιίμων
1041 3614 1217 3704 μιχθέντων
1238 3635 1299 3682 om.
1323 3617 1363 3696 F,
1394 3635 1475 3682 serv.
1499 3615 1767 3693 Μ1);ο1ι.3,11
1793 3613 1906 3678 ἕκαστα
1927 3632 1989 3679 om.

412 3735 447 3815 F,
471 3755 552 3802 serv.
577 3735 655 3816 MD,
678 3733 921 3816 3,13ἴδεν1)Μ
936 3769 978 3784 -
994 3734 1076 3800 είδεν
1091 3735 1184 3812 FGJ3
1209 3737 1258 3814 15,
1274 3735 1316 3800 30
1338 3757 1429 3823 φησιν
1452 3754 1513 3800 om.
1535 3734 1569 3812 F,
1592 3751 1673 3799 serv.
1695 3730 1738 3796 Μ.
1783 3731 1844 3798 Sed
1867 3733 1992 3813 longius

412 3853 582 3937 procedere
604 3853 680 3920 nihil
703 3855 858 3930 conducit,
880 3855 1063 3935 praesertim
1086 3873 1156 3920 cum
1178 3855 1319 3936 ignotum
1342 3853 1445 3920 adhuc
1467 3852 1542 3918 mihi
1569 3853 1612 3917 sit
1637 3868 1718 3932 quae
1741 3849 1938 3918 necessitudo
1960 3858 1993 3918 et

413 3973 589 4042 coniunctio
612 3975 786 4041 intercedet
807 3977 889 4041 inter
911 3993 956 4055 ee,
979 3993 1061 4058 quse
1088 3975 1186 4042 molta
1208 3975 1358 4040 adnotata
1372 3979 1447 4040 sunt
1468 3975 1500 4038 in
1523 3973 1663 4053 margine
1685 3972 1774 4038 codd.
1797 3971 1822 4036 F
1844 3978 1877 4037 et
1898 3969 1937 4049 G,
1960 3977 1994 4036 et

412 4097 583 4162 orationem
607 4100 783 4160 contextam
805 4095 915 4177 ipsom.
960 4094 1045 4161 Satis
1068 4095 1165 4175 igitur
1190 4095 1233 4160 sit
1261 4093 1437 4164 ostendisse
1463 4092 1599 4159 codicem
1623 4089 1657 4155 Μ
1679 4097 1712 4158 et
1733 4091 1914 4156 societatem
1938 4091 1992 4156 lra-

413 4214 487 4281 bere
510 4232 580 4280 cum
602 4213 682 4280 libro
704 4213 729 4278 F
752 4219 785 4278 et
812 4230 922 4278 rursus
944 4215 1079 4294 quodem
1103 4214 1196 4279 modo
1218 4231 1367 4280 conexum
1395 4229 1465 4278 esse
1491 4229 1562 4278 cum
1591 4209 1697 4276 codice
1720 4208 1758 4273 1).
1803 4209 1849 4276 1ο
1871 4209 1899 4275 si
1922 4207 1991 4274 VV.

413 4333 478 4398 DD.
503 4339 587 4398 recte
609 4332 755 4400 dixerunt
777 4321 954 4406 Oeesorem',
975 4336 1029 4414 qui
1053 4350 1163 4399 nomen
1187 4350 1278 4396 suum
1301 4329 1523 4412 subscripserit
1550 4329 1647 4396 codici
1680 4329 1728 4402 Μ,
1759 4329 1892 4396 eundem
1920 4345 1991 4394 esse

414 4471 451 4518 ac
474 4451 639 4517 Caesarem
663 4451 852 4534 strategum,
875 4452 929 4535 qni
952 4450 1129 4517 Florentiae
1151 4451 1248 4518 libros
1271 4450 1427 4516 XI—Xli
1450 4449 1598 4530 coniecit,
1628 4450 1701 4515 inde
1724 4449 1934 4516 coniecturam
1957 4447 1992 4512 ti·

414 4579 464 4638 cet
487 4589 599 4654 cupere
627 4572 764 4639 codicem
800 4569 832 4635 M
859 4589 983 4654 quoque
1013 4572 1043 4636 in
1071 4569 1125 4634 illc
1153 4571 1232 4635 urbe
1261 4575 1331 4635 csse
1359 4567 1579 4651 conscriptum.
1628 4568 1715 4647 Quae
1744 4569 1923 4636 coniectura
1950 4568 1991 4631 sd

415 4689 507 4756 fidem
522 4689 650 4773 pronior
665 4689 701 4755 fit
715 4709 762 4768 eo,
777 4692 860 4773 quod
878 4687 1015 4756 Venetus
1030 4685 1146 4754 Meum
1163 4687 1374 4754 laurentiano
1392 4687 1418 4752 L
1433 4690 1590 4754 consentit
1603 4695 1634 4756 et
1650 4689 1682 4756 in
1699 4695 1786 4754 testu
1802 4688 1881 4753 etin
1896 4685 1991 4752 rebus

415 4810 561 4876 externis.
606 4809 752 4876 Notabile
774 4809 855 4875 enim
878 4816 927 4876 est
949 4816 1117 4890 utrumqne
1139 4808 1275 4876 codicem
1306 4811 1500 4892 argumentis
1528 4810 1679 4876 librorum
1709 4813 1836 4890 praeter
1857 4809 1992 4872 summa-

415 4929 464 4994 ria
486 4928 618 4995 duorum
640 4931 810 5010 primorum
841 4929 913 4996 iibri
936 4928 967 4994 Il
994 4931 1132 5013 capitum
1159 4929 1308 5010 neglectis
1336 4929 1472 5010 spatium
1501 4930 1542 4995 ad
1569 4929 1624 4996 illa
1648 4927 1833 5011 excipienda
1858 4941 1991 4992 vacuum

418 5047 592 5131 reliquisse.
627 5047 926 5130 ermenerico
948 5050 1045 5132 plutei
1069 5049 1153 5115 LXX
1176 5051 1246 5116 cod.
1266 5046 1351 5128 XVI,
1374 5051 1610 5131 comprehendit
1637 5049 1732 5115 libros
1757 5046 1782 5112 V
1806 5049 1926 5130 priores
1946 5047 1993 5112 in·
