4410 5664
982 591 1017 656 21

901 683 1104 693 -ι

360 793 510 876 Sequitur
532 794 632 875 ipsios
654 797 854 862 amanuensis
881 797 1079 880 subscriptio,
1109 816 1189 878 qnae
1216 799 1261 863 ita
1290 799 1397 864 babet:
1429 797 1597 885 treieaddp
1627 800 1661 860 τὸ
1691 799 1792 883 παρὸν

206 913 329 995 βιβλίον
349 913 422 1000 popei
445 912 657 1000 Φεβρουαρίῳ
680 907 727 997 ιβ’
747 914 807 978 tot.
832 913 862 978 ε’
886 913 976 989 ἔτους
1002 915 1097 1006 ‘este'
1119 919 1202 1004 χειρὶ
1231 917 1353 1002 γραφὲν
1385 915 1413 979 Γ
1409 916 1541 1000 casprino
1569 916 1713 980 διακόνου
1737 919 1792 980 τοῦ

211 1033 409 1120 Χρυαοκόκιη
443 1033 624 1118 ἀναλώμασι
653 1033 689 1098 δὲ
714 1036 934 1122 Χριοτοφόρου
965 1035 993 1100 Γ
988 1034 1158 1122 οριὶθωνος
1185 1035 1218 1100 ἐν
1245 1034 1575 1100 Κωνσταντιυουοόλει.
1629 1037 1726 1120 (6935
1751 1065 1791 1092 =

210 1153 290 1217 142⁷
314 1171 343 1234 p.
367 1151 469 1236 Chr).

362 1273 447 1338 Haec
474 1271 539 1336 iere
570 1273 757 1352 Bsndinius,
790 1292 870 1355 quoe
890 1293 972 1364 ‚men
1000 1277 1080 1341 iocio
1110 1277 1169 1342 nisi
1193 1278 1275 1358 qnod
1305 1277 1344 1342 de
1367 1277 1603 1356 subscriptione,
1631 1293 1725 1356 qaam
1752 1275 1792 1339 ab

208 1393 388 1458 amanuensi
417 1391 585 1472 proiectam
614 1411 682 1458 esse
707 1394 743 1456 V.
767 1395 803 1460 D.
832 1395 985 1476 perbibet,
1014 1396 1132 1462 dubito.
1180 1399 1281 1477 Atque
1310 1395 1446 1461 fortasse
1474 1396 1504 1460 in
1535 1395 1792 1476 disceptationem

208 1513 311 1577 uocari
334 1517 439 1593 potest
462 1517 566 1578 utrium
590 1513 657 1578 cod.
682 1511 818 1578 XXXIV
842 1535 878 1580 ex
895 1515 962 1580 cod.
985 1515 1009 1594 I,
1033 1517 1085 1599 qui
1109 1517 1196 1598 prior
1217 1533 1286 1580 csse
1309 1516 1431 1590 dicitur,
1455 1513 1580 1580 fluxerit
1604 1533 1643 1578 an
1661 1520 1793 1594 uterque

208 1649 246 1696 ex
269 1631 329 1696 alio
352 1631 484 1696 haustus
507 1633 564 1710 sit;
587 1651 638 1698 res
661 1652 720 1698 non
745 1635 824 1699 tenti
848 1641 912 1708 ost;
941 1635 1051 1716 opium
1080 1643 1184 1699 autem
1214 1635 1281 1700 cod.
1306 1631 1451 1698 XXXIV
1484 1653 1520 1699 ex
1549 1631 1649 1714 primo
1680 1633 1791 1698 descri-

208 1757 296 1831 ptum
319 1769 388 1816 esse
411 1757 443 1817 et
466 1759 531 1816 tnm
554 1753 690 1835 quidem,
713 1771 782 1819 cnm
805 1753 881 1819 illud
905 1753 1104 1841 ἀμυντηρίοις
1127 1753 1203 1835 (rid.
1227 1753 1321 1848 inira)
1344 1752 1406 1816 iam
1436 1771 1560 1818 erasnm
1590 1759 1682 1818 osset
1728 1749 1792 1817 Sed

210 1877 282 1936 utut
304 1877 362 1949 est,
384 1871 582 1938 manifestum
606 1879 655 1937 est
675 1879 844 1954 utrumqne
866 1891 936 1938 osse
965 1891 1001 1938 cr
1031 1875 1139 1939 codem
1170 1891 1283 1954 genere
1306 1871 1458 1946 codicum,
1481 1877 1647 1953 propterea
1669 1871 1752 1953 quod
1776 1891 1795 1936 a

208 1991 361 2073 principio
392 1993 500 2057 eadem
528 1993 869 2072 comprehendebantur
900 1993 1090 2076 eaedemque
1121 1999 1209 2058 erunt
1239 1967 1537 2074 praetermissiones
1582 1991 1661 2056 Tota
1685 1999 1791 2058 autem

208 2111 285 2177 baec
307 2112 448 2193 quaestio
471 2109 636 2193 profligato
658 2113 784 2177 videtur
807 2117 838 2177 ct
860 2112 890 2176 in
915 2130 979 2176 rem
1004 2131 1063 2178 noo
1087 2113 1130 2176 ita
1153 2129 1232 2190 esse,
1256 2112 1402 2191 quoniam
1426 2111 1521 2176 codex
1544 2107 1679 2176 XXXIV
1703 2109 1794 2175 nimis

209 2234 412 2297 detruncatos
435 2239 491 2296 est.
528 2229 587 2296 Sed
610 2237 646 2296 ut
669 2232 696 2296 is
719 2250 753 2295 re
777 2249 851 2297 vera
873 2230 1050 2312 descriptos
1072 2231 1113 2294 sit
1135 2231 1286 2310 exprimo
1309 2229 1427 2308 codice,
1450 2228 1619 2294 verisimile
1641 2227 1677 2295 tit
1700 2231 1793 2295 etiam

210 2351 346 2417 codicem
369 2351 452 2417 hunc
474 2349 608 2432 primum
636 2351 811 2418 coniectum
836 2370 904 2416 esse
927 2349 1210 2432 Constantinopoli;
1240 2353 1346 2431 itaque
1373 2350 1405 2415 io
1430 2369 1537 2416 eornm
1561 2349 1711 2416 librorum
1736 2370 1792 2416 nu·

212 2487 296 2534 mero
326 2470 479 2536 referendi
510 2477 594 2548 suot,
618 2489 696 2553 quos
724 2472 880 2553 principos
903 2469 1033 2537 Modicei
1056 2473 1087 2534 in
1110 2469 1232 2535 oriente
1254 2476 1407 2535 emerunt.
1453 2470 1588 2534 Interest
1611 2476 1715 2535 autem
1739 2469 1794 2534 aii·

215 2589 288 2670 qnid
317 2608 500 2672 cognoscere
522 2592 575 2656 ubi
599 2591 759 2674 compositi
784 2588 849 2653 sint
878 2589 1016 2668 codices,
1045 2591 1128 2671 qnod
1158 2609 1226 2655 cum
1251 2590 1445 2672 exploratum
1468 2590 1530 2656 crit
1552 2607 1615 2670 qna
1637 2587 1792 2654 affinitate

216 2709 312 2774 iuncti
335 2710 445 2790 singuli
467 2729 608 2794 quasque
638 2713 668 2776 in
691 2711 808 2776 classes
830 2711 1034 2792 dispertiendi
1063 2713 1139 2790 sint,
1168 2711 1300 2776 facultas
1323 2710 1456 2775 fortasse
1479 2709 1606 2776 dabItor
1628 2709 1667 2774 de
1690 2709 1794 2790 patria

212 2831 371 2914 archetypi
393 2834 589 2899 conIectnrac
610 2830 782 2897 iaciendas.
827 2829 972 2894 Codicem
996 2849 1111 2895 nonum
1139 2849 1175 2896 ex
1206 2831 1272 2912 ipso
1295 2832 1395 2912 primo
1419 2849 1562 2896 manasse
1584 2829 1653 2896 luce
1676 2828 1793 2896 clarius

212 2957 273 3032 sst3
296 2969 397 3035 neque
419 2952 588 3036 quidquam
612 2957 765 3017 mutatum
790 2955 838 3013 ost
860 2949 920 3014 nisi
944 2948 1093 3014 vilissima
1116 2955 1230 3026 errata,
1261 2966 1341 3029 quae
1363 2949 1520 3029 irrepsere
1543 2951 1573 3014 in
1597 2953 1663 3016 cod.
1691 2949 1721 3023 I;
1744 2969 1793 3014 re-

210 3071 270 3136 luti
298 3079 374 3138 sunt
402 3080 543 3139 correcta
572 3073 627 3151 56,
644 3074 684 3138 93
712 3070 930 3150 {maneriam
959 3068 1017 3148 60,
1034 3070 1074 3133 69
1103 3068 1232 3142 <doum
1261 3067 1367 3146 61,71
1402 3069 1655 3154 τελευτηκότιυνς
1685 3069 1736 3146 64,
1753 3067 1795 3132 30

214 3188 342 3253 Alorion
365 3209 421 3273 pro
442 3191 628 3273 Αἰγυπτίωνς
652 3193 759 3270 69,17
783 3195 845 3254 τῶν
868 3189 989 3276 uiliora
1020 3191 1071 3268 76,
1087 3191 1125 3255 61
1152 3188 1355 3278 ἐτύγχανωνς
1383 3191 1589 3273 adscriptum
1613 3197 1662 3256 est
1684 3190 1735 3274 80,
1751 3190 1793 3253 29

212 3307 307 3374 etiam
331 3310 362 3374 in
386 3311 432 3375 IX
454 3309 688 3398 ἐαχεὸιάβυαιν
711 3329 767 3391 pro
794 3309 1019 3398 ἐσχεδιάκασιν.
1063 3309 1123 3388 Qui
1146 3308 1226 3376 liber
1249 3327 1308 3374 oon
1331 3311 1412 3376 assis
1435 3316 1529 3386 esset,
1552 3309 1613 3376 nisi
1639 3315 1796 3375 servasset

213 3429 335 3510 aliquot
357 3430 518 3510 vocabula,
541 3449 622 3514 quse
645 3449 727 3496 nuuc
750 3449 838 3496 erasa
862 3435 936 3495 sont
957 3430 988 3495 io
1011 3429 1078 3493 cod.
1102 3426 1134 3504 1,
1164 3436 1201 3496 ut
1229 3429 1428 3516 ἀμυντηρίοις
1457 3431 1532 3505 194,
1549 3430 1590 3493 29
1619 3435 1652 3494 et
1674 3429 1746 3508 tta,
1762 3429 1793 3491 2.

212 3545 276 3612 Gir.
300 3565 396 3630 snpra
418 3551 457 3616 de
480 3547 691 3625 adnotatione,
714 3567 796 3630 qnae
818 3549 949 3629 margini
971 3547 1095 3614 adiecta
1117 3547 1283 3614 invenitur.

367 3667 414 3732 De
436 3666 545 3733 codice
568 3665 689 3744 XVIII,
712 3665 767 3748 qni
789 3673 838 3731 est
860 3685 941 3731 nono
964 3668 1133 3745 recentior,
1162 3675 1199 3733 nt
1226 3667 1318 3750 panio
1345 3667 1438 3732 aliter
1464 3673 1640 3732 statuamus
1668 3685 1794 3733 necesso

214 3787 278 3858 asir
301 3801 395 3865 quem
417 3786 469 3866 qui
493 3786 617 3868 scripsit
640 3803 697 3851 sno
721 3785 836 3850 iudicio
858 3803 935 3850 usos
958 3793 1015 3852 est.
1068 3787 1146 3851 Nam
1174 3793 1210 3852 nt
1238 3792 1357 3851 teocam
1388 3786 1521 3866 priorem
1550 3791 1671 3868 portem
1702 3785 1794 3868 primi

214 3899 286 3966 libri
308 3909 405 3968 totam
430 3903 681 3983 praetermissam
705 3921 782 3980 esse,
807 3903 956 3969 nonnulla
979 3911 1122 3970 correcta
1151 3905 1199 3970 vei
1226 3911 1311 3969 certe
1339 3910 1460 3969 moute
1488 3911 1520 3970 et
1544 3905 1690 3986 suppleta
1711 3905 1794 3971 vide·

214 4039 283 4086 mus
305 4023 492 4088 coniecturis
515 4041 574 4088 non
598 4024 766 4088 inscienter
787 4023 887 4088 iactis.
916 4022 1061 4089 cndioem
1085 4024 1177 4101 bunc,
1201 4023 1304 4088 nteit
1327 4022 1508 4100 Baodinius,
1531 4023 1570 4089 ad
1594 4023 1793 4089 Franciscurn

215 4139 409 4222 Phiieipbnm
440 4141 629 4224 pertinuisse
656 4142 848 4223 gentilicium
877 4141 960 4207 illins
988 4149 1120 4208 stemma
1148 4143 1180 4207 in
1210 4143 1311 4222 primo
1338 4144 1453 4225 pagina
1481 4141 1599 4208 affabre
1627 4144 1794 4225 depictum,

216 4257 324 4326 breves
348 4261 504 4327 interdurn
527 4261 663 4340 notulae,
686 4281 792 4327 rerum
823 4262 862 4326 de
890 4263 1003 4342 quibus
1033 4263 1140 4344 agitur
1168 4263 1337 4328 summaria
1364 4262 1565 4344 virorumque
1593 4281 1629 4328 ac
1655 4261 1792 4328 Iocorum

215 4378 341 4444 nomino
362 4380 490 4462 propria
511 4379 580 4446 eius
607 4399 701 4446 mano
729 4379 761 4445 in
793 4381 986 4463 marginibus
1014 4383 1110 4448 rnbm
1140 4383 1322 4449 charactere
1351 4387 1480 4449 exarato
1507 4383 1584 4446 satis
1614 4382 1792 4447 ostendunt.

213 4495 340 4564 Codicis
369 4517 443 4565 vero
469 4501 626 4582 scriptura
647 4501 802 4580 quandam
832 4499 957 4565 ridetur
977 4500 1092 4566 babere
1115 4499 1298 4566 affinitatem
1326 4519 1395 4566 cnm
1425 4499 1628 4566 celeberrimo
1650 4497 1795 4564 codiceI

212 4616 291 4698 plut
308 4615 432 4683 XXXII
448 4617 574 4682 Homeri
590 4616 965 4700 batracbomyomacbism
978 4616 1150 4684 otiliodern
1165 4620 1334 4687 continenti
1350 4636 1506 4700 manuque
1520 4619 1673 4684 Theodori
1689 4617 1796 4686 Gazae

213 4751 271 4816 pro
299 4733 350 4800 Fr.
381 4733 542 4818 PbiIelpbo
571 4735 756 4818 conscripto,
787 4741 822 4800 ut
850 4737 999 4803 credibile
1028 4735 1194 4803 admodum
1223 4737 1266 4802 sit
1300 4745 1333 4802 et
1358 4737 1451 4803 buius
1480 4737 1567 4803 illurn
1597 4737 1713 4804 codicis
1741 4736 1795 4804 de·

213 4853 413 4933 scriptionem
436 4851 467 4918 in
490 4851 681 4920 Maecenatis
704 4853 753 4918 sui
776 4873 867 4920 usuro
889 4855 921 4920 io
944 4873 979 4921 ac
1000 4855 1185 4938 suscepisse.
1219 4855 1308 4934 Quod
1332 4855 1521 4938 comparatis
1544 4855 1687 4920 manibus
1710 4855 1795 4936 equi·

214 4969 285 5036 dem
308 4989 418 5038 vereor
440 4979 476 5038 ut
497 4990 604 5038 serum
626 4973 677 5038 sit
722 4973 899 5057 Utcumque
921 4992 972 5040 res
994 4981 1051 5054 est,
1084 4975 1139 5057 qni
1165 4971 1299 5040 coniecit
1320 4973 1457 5040 codicem
1480 4971 1588 5037 XVIII
1610 4972 1681 5054 pius
1703 4972 1795 5039 intel·

214 5088 291 5156 laxit
305 5087 409 5157 scriba
424 5090 539 5158 codicis
553 5089 598 5156 IX
614 5108 714 5172 nequo
729 5091 774 5158 ita
787 5111 822 5158 se
837 5093 877 5159 ud
892 5093 988 5159 verba
1002 5095 1194 5174 praescripta
1208 5091 1360 5174 alligavit
1384 5088 1534 5172 Exempla
1549 5109 1689 5175 pmpono
1703 5089 1795 5156 baec:
