<?xml version="1.0" encoding="UTF-8"?>
<!DOCTYPE html PUBLIC "-//W3C//DTD XHTML 1.0 Transitional//EN"
    "http://www.w3.org/TR/xhtml1/DTD/xhtml1-transitional.dtd">
<html xmlns="http://www.w3.org/1999/xhtml" xml:lang="en" lang="en">
 <head>
  <title>
</title>
<meta http-equiv="Content-Type" content="text/html;charset=utf-8" />
  <meta name='ocr-system' content='tesseract 3.04.00' />
  <meta name='ocr-capabilities' content='ocr_page ocr_carea ocr_par ocr_line ocrx_word'/>
</head>
<body>
  <div class='ocr_page' id='page_1' title='image "./dealiquotlibris00schngoog_0027.png"; bbox 0 0 4486 5646; ppageno 0'>
   <div class='ocr_carea' id='block_1_1' title="bbox 1180 583 1222 648">
    <p class='ocr_par' dir='ltr' id='par_1_1' title="bbox 1180 583 1222 648">
     <span class='ocr_line' id='line_1_1' title="bbox 1180 583 1222 648; baseline 0 0"><span class='ocrx_word' id='word_1_1' title='bbox 1180 583 1222 648; x_wconf 76' lang='lat'><strong>20</strong></span> 
     </span>
    </p>
   </div>
   <div class='ocr_carea' id='block_1_2' title="bbox 407 784 2054 2663">
    <p class='ocr_par' dir='ltr' id='par_1_2' title="bbox 408 784 1992 1943">
     <span class='ocr_line' id='line_1_2' title="bbox 411 784 1989 871; baseline 0.004 -23"><span class='ocrx_word' id='word_1_2' title='bbox 411 785 488 850; x_wconf 89' lang='lat' dir='ltr'><strong>dicis</strong></span> <span class='ocrx_word' id='word_1_3' title='bbox 510 784 721 850; x_wconf 80' lang='lat' dir='ltr'>recensionem</span> <span class='ocrx_word' id='word_1_4' title='bbox 745 785 947 852; x_wconf 87' lang='lat' dir='ltr'><strong>omittendam</strong></span> <span class='ocrx_word' id='word_1_5' title='bbox 971 785 1060 851; x_wconf 84' lang='lat' dir='ltr'><strong>duxit</strong></span> <span class='ocrx_word' id='word_1_6' title='bbox 1082 786 1270 867; x_wconf 88' lang='lat' dir='ltr'><strong>Gronovius,</strong></span> <span class='ocrx_word' id='word_1_7' title='bbox 1293 789 1345 869; x_wconf 89' lang='lat' dir='ltr'><strong>qui</strong></span> <span class='ocrx_word' id='word_1_8' title='bbox 1369 807 1440 852; x_wconf 93' lang='lat' dir='ltr'><strong>cum</strong></span> <span class='ocrx_word' id='word_1_9' title='bbox 1464 787 1588 856; x_wconf 82' lang='lat' dir='ltr'><strong>Arriani</strong></span> <span class='ocrx_word' id='word_1_10' title='bbox 1611 787 1761 854; x_wconf 89' lang='lat' dir='ltr'><strong>anabasin</strong></span> <span class='ocrx_word' id='word_1_11' title='bbox 1785 789 1902 865; x_wconf 85' lang='lat' dir='ltr'><strong>ederet,</strong></span> <span class='ocrx_word' id='word_1_12' title='bbox 1926 787 1989 871; x_wconf 91' lang='lat' dir='ltr'><strong>pri·</strong></span> 
     </span>
     <span class='ocr_line' id='line_1_3' title="bbox 410 903 1991 990; baseline 0.003 -24"><span class='ocrx_word' id='word_1_13' title='bbox 410 921 495 968; x_wconf 90' lang='lat' dir='ltr'><strong>mum</strong></span> <span class='ocrx_word' id='word_1_14' title='bbox 519 903 655 971; x_wconf 86' lang='lat' dir='ltr'><strong>codicem</strong></span> <span class='ocrx_word' id='word_1_15' title='bbox 679 907 709 968; x_wconf 89' lang='lat' dir='ltr'><strong>in</strong></span> <span class='ocrx_word' id='word_1_16' title='bbox 733 923 798 971; x_wconf 90' lang='lat' dir='ltr'><strong>rem</strong></span> <span class='ocrx_word' id='word_1_17' title='bbox 821 923 909 970; x_wconf 91' lang='lat' dir='ltr'><strong>suam</strong></span> <span class='ocrx_word' id='word_1_18' title='bbox 933 905 1095 970; x_wconf 83' lang='lat' dir='ltr'><strong>convertit</strong></span> <span class='ocrx_word' id='word_1_19' title='bbox 1141 905 1270 972; x_wconf 91' lang='lat' dir='ltr'><strong>Diodori</strong></span> <span class='ocrx_word' id='word_1_20' title='bbox 1294 907 1500 973; x_wconf 78' lang='lat' dir='ltr'><strong>bibliothecae</strong></span> <span class='ocrx_word' id='word_1_21' title='bbox 1523 906 1593 972; x_wconf 87' lang='lat' dir='ltr'><strong>libri</strong></span> <span class='ocrx_word' id='word_1_22' title='bbox 1618 913 1769 990; x_wconf 88' lang='lat' dir='ltr'><strong>quattuor</strong></span> <span class='ocrx_word' id='word_1_23' title='bbox 1791 909 1921 973; x_wconf 88' lang='lat' dir='ltr'><strong>totidem</strong></span> <span class='ocrx_word' id='word_1_24' title='bbox 1945 908 1991 972; x_wconf 89' lang='lat' dir='ltr'><strong>ni-</strong></span> 
     </span>
     <span class='ocr_line' id='line_1_4' title="bbox 409 1021 1990 1110; baseline 0.004 -24"><span class='ocrx_word' id='word_1_25' title='bbox 409 1023 521 1088; x_wconf 89' lang='lat' dir='ltr'><strong>mirum</strong></span> <span class='ocrx_word' id='word_1_26' title='bbox 545 1033 622 1107; x_wconf 89' lang='lat' dir='ltr'><strong>quot</strong></span> <span class='ocrx_word' id='word_1_27' title='bbox 645 1025 676 1088; x_wconf 91' lang='lat' dir='ltr'><strong>iu</strong></span> <span class='ocrx_word' id='word_1_28' title='bbox 700 1023 784 1090; x_wconf 90' lang='lat' dir='ltr'><strong>dicto</strong></span> <span class='ocrx_word' id='word_1_29' title='bbox 813 1024 918 1090; x_wconf 86' lang='lat' dir='ltr'><strong>codIce</strong></span> <span class='ocrx_word' id='word_1_30' title='bbox 941 1021 958 1086; x_wconf 91' lang='lat'><em>1</em></span> <span class='ocrx_word' id='word_1_31' title='bbox 984 1026 1197 1102; x_wconf 75' lang='lat' dir='ltr'><strong>continentur,</strong></span> <span class='ocrx_word' id='word_1_32' title='bbox 1229 1026 1343 1108; x_wconf 85' lang='lat' dir='ltr'><strong>quibus</strong></span> <span class='ocrx_word' id='word_1_33' title='bbox 1372 1033 1539 1108; x_wconf 90' lang='lat' dir='ltr'><strong>propterea</strong></span> <span class='ocrx_word' id='word_1_34' title='bbox 1568 1029 1691 1091; x_wconf 85' lang='lat' dir='ltr'><strong>noveris</strong></span> <span class='ocrx_word' id='word_1_35' title='bbox 1722 1026 1830 1093; x_wconf 89' lang='lat' dir='ltr'><strong>eadem</strong></span> <span class='ocrx_word' id='word_1_36' title='bbox 1858 1045 1990 1110; x_wconf 88' lang='lat' dir='ltr'><strong>prorsus</strong></span> 
     </span>
     <span class='ocr_line' id='line_1_5' title="bbox 411 1142 1992 1231; baseline 0.003 -22"><span class='ocrx_word' id='word_1_37' title='bbox 411 1145 593 1222; x_wconf 85' lang='lat' dir='ltr'><strong>convenire,</strong></span> <span class='ocrx_word' id='word_1_38' title='bbox 627 1162 709 1226; x_wconf 88' lang='lat' dir='ltr'><strong>quae</strong></span> <span class='ocrx_word' id='word_1_39' title='bbox 742 1145 772 1208; x_wconf 90' lang='lat' dir='ltr'><strong>in</strong></span> <span class='ocrx_word' id='word_1_40' title='bbox 806 1142 889 1208; x_wconf 87' lang='lat' dir='ltr'><strong>illius</strong></span> <span class='ocrx_word' id='word_1_41' title='bbox 924 1144 1103 1209; x_wconf 81' lang='lat' dir='ltr'><strong>recensione</strong></span> <span class='ocrx_word' id='word_1_42' title='bbox 1135 1145 1335 1222; x_wconf 78' lang='lat' dir='ltr'><strong>peculiariter</strong></span> <span class='ocrx_word' id='word_1_43' title='bbox 1367 1145 1491 1226; x_wconf 89' lang='lat' dir='ltr'><strong>prolata</strong></span> <span class='ocrx_word' id='word_1_44' title='bbox 1524 1154 1607 1210; x_wconf 88' lang='lat' dir='ltr'><strong>sunt.</strong></span> <span class='ocrx_word' id='word_1_45' title='bbox 1660 1147 1750 1212; x_wconf 88' lang='lat' dir='ltr'><strong>Hunc</strong></span> <span class='ocrx_word' id='word_1_46' title='bbox 1783 1166 1907 1231; x_wconf 86' lang='lat' dir='ltr'><strong>quoque</strong></span> <span class='ocrx_word' id='word_1_47' title='bbox 1940 1165 1992 1213; x_wconf 88' lang='lat' dir='ltr'><strong>co-</strong></span> 
     </span>
     <span class='ocr_line' id='line_1_6' title="bbox 410 1261 1989 1346; baseline 0.003 -20"><span class='ocrx_word' id='word_1_48' title='bbox 410 1261 508 1328; x_wconf 88' lang='lat' dir='ltr'><strong>dicem</strong></span> <span class='ocrx_word' id='word_1_49' title='bbox 541 1261 674 1326; x_wconf 89' lang='lat' dir='ltr'><strong>contulit</strong></span> <span class='ocrx_word' id='word_1_50' title='bbox 704 1261 858 1327; x_wconf 81' lang='lat' dir='ltr'><strong>Antonius</strong></span> <span class='ocrx_word' id='word_1_51' title='bbox 892 1261 1057 1343; x_wconf 83' lang='lat' dir='ltr'><strong>Cocclrius3</strong></span> <span class='ocrx_word' id='word_1_52' title='bbox 1095 1264 1126 1328; x_wconf 93' lang='lat' dir='ltr'><strong>in</strong></span> <span class='ocrx_word' id='word_1_53' title='bbox 1164 1261 1225 1327; x_wconf 89' lang='lat' dir='ltr'><strong>fine</strong></span> <span class='ocrx_word' id='word_1_54' title='bbox 1260 1263 1490 1344; x_wconf 83' lang='lat' dir='ltr'><strong>tachygraphus</strong></span> <span class='ocrx_word' id='word_1_55' title='bbox 1529 1266 1595 1345; x_wconf 88' lang='lat' dir='ltr'><strong>ipsc</strong></span> <span class='ocrx_word' id='word_1_56' title='bbox 1633 1263 1679 1328; x_wconf 92' lang='lat' dir='ltr'><strong>ita</strong></span> <span class='ocrx_word' id='word_1_57' title='bbox 1716 1283 1751 1330; x_wconf 90' lang='lat' dir='ltr'><strong>se</strong></span> <span class='ocrx_word' id='word_1_58' title='bbox 1785 1265 1989 1346; x_wconf 73' lang='lat' dir='ltr'><strong>subscripsit:</strong></span> 
     </span>
     <span class='ocr_line' id='line_1_7' title="bbox 409 1379 1991 1474; baseline 0.003 -30"><span class='ocrx_word' id='word_1_59' title='bbox 409 1383 428 1468; x_wconf 77' lang='grc' dir='ltr'><em>ἡ</em></span> <span class='ocrx_word' id='word_1_60' title='bbox 461 1381 573 1464; x_wconf 73' lang='grc' dir='ltr'><em>βίβλος</em></span> <span class='ocrx_word' id='word_1_61' title='bbox 605 1379 682 1468; x_wconf 74' lang='grc' dir='ltr'><em>αὕτη</em></span> <span class='ocrx_word' id='word_1_62' title='bbox 715 1379 823 1466; x_wconf 79' lang='grc' dir='ltr'><em>εἴληφε</em></span> <span class='ocrx_word' id='word_1_63' title='bbox 850 1379 938 1454; x_wconf 84' lang='grc' dir='ltr'><em>τέλος</em></span> <span class='ocrx_word' id='word_1_64' title='bbox 965 1381 1038 1466; x_wconf 81' lang='grc' dir='ltr'><em>μηνί</em></span> <span class='ocrx_word' id='word_1_65' title='bbox 1064 1379 1148 1466; x_wconf 84' lang='grc' dir='ltr'><em>μαίῳ</em></span> <span class='ocrx_word' id='word_1_66' title='bbox 1177 1381 1292 1468; x_wconf 72' lang='grc' dir='ltr'><em>δεκάτη</em></span> <span class='ocrx_word' id='word_1_67' title='bbox 1319 1381 1424 1469; x_wconf 73' lang='grc' dir='ltr'><em>ᾑμέρᾳ</em></span> <span class='ocrx_word' id='word_1_68' title='bbox 1453 1383 1609 1468; x_wconf 78' lang='grc' dir='ltr'><em>σαββάτῳ</em></span> <span class='ocrx_word' id='word_1_69' title='bbox 1639 1381 1728 1461; x_wconf 81' lang='grc' dir='ltr'><em>ἔτους</em></span> <span class='ocrx_word' id='word_1_70' title='bbox 1750 1384 1832 1474; x_wconf 63' lang='lat'><strong>535‘</strong></span> <span class='ocrx_word' id='word_1_71' title='bbox 1854 1385 1912 1449; x_wconf 82' lang='grc' dir='ltr'><em>ίνδ.</em></span> <span class='ocrx_word' id='word_1_72' title='bbox 1934 1385 1991 1468; x_wconf 78' lang='grc' dir='ltr'><strong>ἕβ-</strong></span> 
     </span>
     <span class='ocr_line' id='line_1_8' title="bbox 410 1497 1991 1590; baseline 0.003 -27"><span class='ocrx_word' id='word_1_73' title='bbox 410 1499 510 1586; x_wconf 85' lang='grc' dir='ltr'><em>δόμης</em></span> <span class='ocrx_word' id='word_1_74' title='bbox 532 1501 628 1583; x_wconf 84' lang='grc'><strong>(6907</strong></span> <span class='ocrx_word' id='word_1_75' title='bbox 652 1525 693 1555; x_wconf 95' lang='lat'>=</span> <span class='ocrx_word' id='word_1_76' title='bbox 717 1501 800 1566; x_wconf 85' lang='grc'><strong>1399</strong></span> <span class='ocrx_word' id='word_1_77' title='bbox 823 1521 852 1584; x_wconf 89' lang='lat' dir='ltr'><strong>p.</strong></span> <span class='ocrx_word' id='word_1_78' title='bbox 877 1501 950 1565; x_wconf 86' lang='lat' dir='ltr'><strong>Chr.</strong></span> <span class='ocrx_word' id='word_1_79' title='bbox 975 1501 1020 1582; x_wconf 84' lang='lat' dir='ltr'><strong>n.)</strong></span> <span class='ocrx_word' id='word_1_80' title='bbox 1043 1501 1061 1563; x_wconf 85' lang='grc' dir='ltr'><em>δ</em></span> <span class='ocrx_word' id='word_1_81' title='bbox 1083 1499 1225 1584; x_wconf 72' lang='grc' dir='ltr'><em>γραφεὺς</em></span> <span class='ocrx_word' id='word_1_82' title='bbox 1247 1501 1359 1587; x_wconf 84' lang='grc' dir='ltr'><em>ταύτης</em></span> <span class='ocrx_word' id='word_1_83' title='bbox 1385 1497 1527 1588; x_wconf 78' lang='grc' dir='ltr'><em>Ἀνδρέας</em></span> <span class='ocrx_word' id='word_1_84' title='bbox 1558 1503 1655 1589; x_wconf 86' lang='grc' dir='ltr'><em>θύτης</em></span> <span class='ocrx_word' id='word_1_85' title='bbox 1677 1504 1845 1590; x_wconf 88' lang='grc' dir='ltr'><em>λεαντηνδς</em></span> <span class='ocrx_word' id='word_1_86' title='bbox 1867 1505 1916 1568; x_wconf 79' lang='lat' dir='ltr'><strong>aul</strong></span> <span class='ocrx_word' id='word_1_87' title='bbox 1936 1526 1991 1567; x_wconf 89' lang='grc' dir='ltr'><strong>τα-</strong></span> 
     </span>
     <span class='ocr_line' id='line_1_9' title="bbox 408 1619 1991 1708; baseline 0.003 -25"><span class='ocrx_word' id='word_1_88' title='bbox 408 1620 597 1706; x_wconf 83' lang='grc' dir='ltr'><em>βουλλιίριος</em></span> <span class='ocrx_word' id='word_1_89' title='bbox 626 1622 643 1682; x_wconf 84' lang='lat' dir='ltr'><strong>d</strong></span> <span class='ocrx_word' id='word_1_90' title='bbox 672 1620 944 1707; x_wconf 71' lang='grc' dir='ltr'><em>ἁηιοττμοκοττίτης·</em></span> <span class='ocrx_word' id='word_1_91' title='bbox 978 1623 1024 1705; x_wconf 83' lang='grc' dir='ltr'><em>τῷ</em></span> <span class='ocrx_word' id='word_1_92' title='bbox 1055 1619 1125 1706; x_wconf 82' lang='grc' dir='ltr'><strong>θεῷ</strong></span> <span class='ocrx_word' id='word_1_93' title='bbox 1154 1621 1246 1708; x_wconf 72' lang='grc' dir='ltr'><em>χάρις</em></span> <span class='ocrx_word' id='word_1_94' title='bbox 1274 1621 1321 1706; x_wconf 85' lang='grc' dir='ltr'><em>τῷ</em></span> <span class='ocrx_word' id='word_1_95' title='bbox 1347 1621 1540 1704; x_wconf 86' lang='grc' dir='ltr'><em>λυτρώσαντί</em></span> <span class='ocrx_word' id='word_1_96' title='bbox 1565 1644 1617 1700; x_wconf 87' lang='grc' dir='ltr'><strong>με.</strong></span> <span class='ocrx_word' id='word_1_97' title='bbox 1650 1620 1749 1707; x_wconf 74' lang='grc' dir='ltr'><em>Ἀμήν.</em></span> <span class='ocrx_word' id='word_1_98' title='bbox 1804 1623 1910 1687; x_wconf 81' lang='lat' dir='ltr'><strong>Codex</strong></span> <span class='ocrx_word' id='word_1_99' title='bbox 1942 1629 1991 1688; x_wconf 79' lang='lat' dir='ltr'><strong>est</strong></span> 
     </span>
     <span class='ocr_line' id='line_1_10' title="bbox 408 1739 1990 1822; baseline 0.001 -17"><span class='ocrx_word' id='word_1_100' title='bbox 408 1741 663 1806; x_wconf 85' lang='lat' dir='ltr'><strong>membranaceus</strong></span> <span class='ocrx_word' id='word_1_101' title='bbox 688 1759 744 1806; x_wconf 90' lang='lat' dir='ltr'><strong>ms.</strong></span> <span class='ocrx_word' id='word_1_102' title='bbox 767 1742 797 1806; x_wconf 92' lang='lat' dir='ltr'><strong>in</strong></span> <span class='ocrx_word' id='word_1_103' title='bbox 825 1739 898 1807; x_wconf 86' lang='lat' dir='ltr'><strong>lolio</strong></span> <span class='ocrx_word' id='word_1_104' title='bbox 926 1741 1045 1806; x_wconf 90' lang='lat' dir='ltr'><strong>minore</strong></span> <span class='ocrx_word' id='word_1_105' title='bbox 1073 1740 1192 1806; x_wconf 86' lang='lat' dir='ltr'><strong>saeculi</strong></span> <span class='ocrx_word' id='word_1_106' title='bbox 1222 1739 1298 1804; x_wconf 92' lang='lat' dir='ltr'><strong>XIV</strong></span> <span class='ocrx_word' id='word_1_107' title='bbox 1330 1742 1472 1806; x_wconf 86' lang='lat' dir='ltr'><strong>excuntis</strong></span> <span class='ocrx_word' id='word_1_108' title='bbox 1501 1741 1723 1822; x_wconf 63' lang='lat' dir='ltr'><strong>nitidissimum</strong></span> <span class='ocrx_word' id='word_1_109' title='bbox 1753 1750 1878 1809; x_wconf 88' lang='lat' dir='ltr'><strong>constat</strong></span> <span class='ocrx_word' id='word_1_110' title='bbox 1906 1743 1990 1808; x_wconf 86' lang='lat' dir='ltr'><strong>loliis</strong></span> 
     </span>
     <span class='ocr_line' id='line_1_11' title="bbox 409 1861 630 1943; baseline 0.005 -18"><span class='ocrx_word' id='word_1_111' title='bbox 409 1861 535 1943; x_wconf 83' lang='lat' dir='ltr'><strong>scrIptis</strong></span> <span class='ocrx_word' id='word_1_112' title='bbox 558 1861 630 1926; x_wconf 80' lang='lat'>203.</span> 
     </span>
    </p>

    <p class='ocr_par' dir='ltr' id='par_1_3' title="bbox 407 1977 2054 2663">
     <span class='ocr_line' id='line_1_12' title="bbox 561 1977 1989 2068; baseline 0.002 -23"><span class='ocrx_word' id='word_1_113' title='bbox 561 1979 667 2047; x_wconf 79' lang='lat' dir='ltr'><strong>Codex</strong></span> <span class='ocrx_word' id='word_1_114' title='bbox 690 1977 800 2044; x_wconf 89' lang='lat' dir='ltr'>XVIII</span> <span class='ocrx_word' id='word_1_115' title='bbox 823 1980 932 2062; x_wconf 87' lang='lat' dir='ltr'><strong>incipit</strong></span> <span class='ocrx_word' id='word_1_116' title='bbox 955 1982 1058 2046; x_wconf 85' lang='lat' dir='ltr'><strong>verbis</strong></span> <span class='ocrx_word' id='word_1_117' title='bbox 1080 1983 1138 2066; x_wconf 78' lang='grc' dir='ltr'><em>τῆς</em></span> <span class='ocrx_word' id='word_1_118' title='bbox 1158 1981 1287 2067; x_wconf 78' lang='grc' dir='ltr'><strong><em>πρώτης</em></strong></span> <span class='ocrx_word' id='word_1_119' title='bbox 1310 1985 1370 2044; x_wconf 83' lang='grc' dir='ltr'><em>τῶν</em></span> <span class='ocrx_word' id='word_1_120' title='bbox 1394 1981 1555 2068; x_wconf 78' lang='grc' dir='ltr'><em>Διοδώρου</em></span> <span class='ocrx_word' id='word_1_121' title='bbox 1577 1981 1698 2065; x_wconf 75' lang='grc' dir='ltr'><em>βίβλον</em></span> <span class='ocrx_word' id='word_1_122' title='bbox 1721 1981 1829 2048; x_wconf 81' lang='grc' dir='ltr'><em>διὰτὸ</em></span> <span class='ocrx_word' id='word_1_123' title='bbox 1849 1980 1989 2064; x_wconf 70' lang='grc' dir='ltr'><em>μέγεθος</em></span> 
     </span>
     <span class='ocr_line' id='line_1_13' title="bbox 408 2092 2054 2190; baseline 0.001 -24"><span class='ocrx_word' id='word_1_124' title='bbox 408 2125 434 2166; x_wconf 92' lang='grc' dir='ltr'><strong>ιι.</strong></span> <span class='ocrx_word' id='word_1_125' title='bbox 456 2102 481 2164; x_wconf 92' lang='grc' dir='ltr'><strong>λ.</strong></span> <span class='ocrx_word' id='word_1_126' title='bbox 509 2101 589 2183; x_wconf 88' lang='lat' dir='ltr'><strong>(cap.</strong></span> <span class='ocrx_word' id='word_1_127' title='bbox 613 2101 686 2182; x_wconf 79' lang='lat'>42),</span> <span class='ocrx_word' id='word_1_128' title='bbox 714 2101 830 2166; x_wconf 87' lang='lat' dir='ltr'><strong>desinit</strong></span> <span class='ocrx_word' id='word_1_129' title='bbox 856 2101 941 2183; x_wconf 76' lang='lat' dir='ltr'><strong>rapui</strong></span> <span class='ocrx_word' id='word_1_130' title='bbox 967 2103 1033 2176; x_wconf 85' lang='grc' dir='ltr'><strong>τοὶς</strong></span> <span class='ocrx_word' id='word_1_131' title='bbox 1055 2092 1193 2186; x_wconf 82' lang='grc' dir='ltr'><em>Ἕλλησιν</em></span> <span class='ocrx_word' id='word_1_132' title='bbox 1215 2099 1473 2186; x_wconf 85' lang='grc' dir='ltr'><em>ἐθαυμάσθησαν.</em></span> <span class='ocrx_word' id='word_1_133' title='bbox 1527 2103 1633 2182; x_wconf 82' lang='lat' dir='ltr'><strong>Quare</strong></span> <span class='ocrx_word' id='word_1_134' title='bbox 1661 2103 1801 2168; x_wconf 87' lang='lat' dir='ltr'><strong>ridemus</strong></span> <span class='ocrx_word' id='word_1_135' title='bbox 1830 2101 1989 2184; x_wconf 81' lang='lat' dir='ltr'><strong>exemplar</strong></span> <span class='ocrx_word' id='word_1_136' title='bbox 2048 2185 2054 2190; x_wconf 32' lang='grc'><strong>,</strong></span> 
     </span>
     <span class='ocr_line' id='line_1_14' title="bbox 407 2217 1991 2305; baseline 0.001 -19"><span class='ocrx_word' id='word_1_137' title='bbox 407 2221 466 2288; x_wconf 89' lang='lat' dir='ltr'><strong>boc</strong></span> <span class='ocrx_word' id='word_1_138' title='bbox 499 2239 568 2288; x_wconf 91' lang='lat' dir='ltr'><strong>cum</strong></span> <span class='ocrx_word' id='word_1_139' title='bbox 602 2220 654 2286; x_wconf 93' lang='lat' dir='ltr'><strong>illo</strong></span> <span class='ocrx_word' id='word_1_140' title='bbox 688 2220 803 2287; x_wconf 90' lang='lat' dir='ltr'><strong>codicis</strong></span> <span class='ocrx_word' id='word_1_141' title='bbox 836 2219 851 2284; x_wconf 94' lang='lat'><em>1</em></span> <span class='ocrx_word' id='word_1_142' title='bbox 887 2225 920 2286; x_wconf 93' lang='lat' dir='ltr'><strong>et</strong></span> <span class='ocrx_word' id='word_1_143' title='bbox 955 2217 1000 2284; x_wconf 90' lang='lat' dir='ltr'><strong>IX</strong></span> <span class='ocrx_word' id='word_1_144' title='bbox 1037 2221 1131 2286; x_wconf 87' lang='lat' dir='ltr'><strong>buius</strong></span> <span class='ocrx_word' id='word_1_145' title='bbox 1168 2221 1265 2301; x_wconf 89' lang='lat' dir='ltr'><strong>plutei</strong></span> <span class='ocrx_word' id='word_1_146' title='bbox 1299 2223 1464 2288; x_wconf 81' lang='lat' dir='ltr'><strong>conventre</strong></span> <span class='ocrx_word' id='word_1_147' title='bbox 1494 2224 1630 2304; x_wconf 86' lang='lat' dir='ltr'><strong>itemque</strong></span> <span class='ocrx_word' id='word_1_148' title='bbox 1660 2231 1726 2288; x_wconf 89' lang='lat' dir='ltr'><strong>tres</strong></span> <span class='ocrx_word' id='word_1_149' title='bbox 1755 2231 1923 2305; x_wconf 85' lang='lat' dir='ltr'><strong>sequentes</strong></span> <span class='ocrx_word' id='word_1_150' title='bbox 1954 2223 1991 2288; x_wconf 91' lang='lat' dir='ltr'><strong>ll-</strong></span> 
     </span>
     <span class='ocr_line' id='line_1_15' title="bbox 408 2332 1990 2424; baseline -0.001 -16"><span class='ocrx_word' id='word_1_151' title='bbox 408 2343 499 2422; x_wconf 88' lang='lat' dir='ltr'><strong>bros;</strong></span> <span class='ocrx_word' id='word_1_152' title='bbox 527 2343 616 2408; x_wconf 90' lang='lat' dir='ltr'><strong>deest</strong></span> <span class='ocrx_word' id='word_1_153' title='bbox 645 2344 725 2408; x_wconf 92' lang='lat' dir='ltr'><strong>enim</strong></span> <span class='ocrx_word' id='word_1_154' title='bbox 756 2344 878 2424; x_wconf 76' lang='lat' dir='ltr'><strong>Integer</strong></span> <span class='ocrx_word' id='word_1_155' title='bbox 906 2343 1039 2423; x_wconf 88' lang='lat' dir='ltr'><strong>quartus</strong></span> <span class='ocrx_word' id='word_1_156' title='bbox 1069 2341 1157 2405; x_wconf 92' lang='lat' dir='ltr'><strong>utin</strong></span> <span class='ocrx_word' id='word_1_157' title='bbox 1180 2341 1360 2406; x_wconf 88' lang='lat' dir='ltr'><strong>memoratis</strong></span> <span class='ocrx_word' id='word_1_158' title='bbox 1388 2339 1481 2405; x_wconf 91' lang='lat' dir='ltr'><strong>etiam</strong></span> <span class='ocrx_word' id='word_1_159' title='bbox 1506 2332 1664 2406; x_wconf 85' lang='lat' dir='ltr'><strong>codicibus</strong></span> <span class='ocrx_word' id='word_1_160' title='bbox 1688 2341 1701 2404; x_wconf 96' lang='lat' dir='ltr'><strong>l</strong></span> <span class='ocrx_word' id='word_1_161' title='bbox 1724 2347 1756 2406; x_wconf 90' lang='lat' dir='ltr'><strong>et</strong></span> <span class='ocrx_word' id='word_1_162' title='bbox 1778 2341 1832 2408; x_wconf 92' lang='lat' dir='ltr'><strong>lX.</strong></span> <span class='ocrx_word' id='word_1_163' title='bbox 1866 2341 1990 2408; x_wconf 84' lang='lat' dir='ltr'><strong>Tabula</strong></span> 
     </span>
     <span class='ocr_line' id='line_1_16' title="bbox 408 2461 1990 2543; baseline -0.001 -15"><span class='ocrx_word' id='word_1_164' title='bbox 408 2469 511 2528; x_wconf 86' lang='lat' dir='ltr'><strong>temen</strong></span> <span class='ocrx_word' id='word_1_165' title='bbox 535 2461 615 2526; x_wconf 90' lang='lat' dir='ltr'><strong>libro</strong></span> <span class='ocrx_word' id='word_1_166' title='bbox 638 2462 664 2525; x_wconf 87' lang='lat' dir='ltr'>V</span> <span class='ocrx_word' id='word_1_167' title='bbox 688 2463 861 2543; x_wconf 87' lang='lat' dir='ltr'><strong>praemissa</strong></span> <span class='ocrx_word' id='word_1_168' title='bbox 887 2461 1036 2542; x_wconf 72' lang='lat' dir='ltr'><strong>pauciora</strong></span> <span class='ocrx_word' id='word_1_169' title='bbox 1064 2461 1202 2525; x_wconf 91' lang='lat' dir='ltr'><strong>continet</strong></span> <span class='ocrx_word' id='word_1_170' title='bbox 1233 2461 1349 2538; x_wconf 83' lang='lat' dir='ltr'><strong>capita,</strong></span> <span class='ocrx_word' id='word_1_171' title='bbox 1381 2461 1527 2526; x_wconf 89' lang='lat' dir='ltr'><strong>nimirum</strong></span> <span class='ocrx_word' id='word_1_172' title='bbox 1557 2480 1593 2524; x_wconf 82' lang='lat' dir='ltr'><strong>ea</strong></span> <span class='ocrx_word' id='word_1_173' title='bbox 1622 2461 1728 2526; x_wconf 82' lang='lat' dir='ltr'>XVIII</span> <span class='ocrx_word' id='word_1_174' title='bbox 1759 2461 1853 2526; x_wconf 90' lang='lat' dir='ltr'><strong>editis</strong></span> <span class='ocrx_word' id='word_1_175' title='bbox 1883 2462 1990 2543; x_wconf 86' lang='lat' dir='ltr'><strong>priora</strong></span> 
     </span>
     <span class='ocr_line' id='line_1_17' title="bbox 408 2578 1989 2663; baseline -0.004 -11"><span class='ocrx_word' id='word_1_176' title='bbox 408 2586 514 2652; x_wconf 90' lang='lat' dir='ltr'><strong>decem</strong></span> <span class='ocrx_word' id='word_1_177' title='bbox 538 2589 658 2650; x_wconf 90' lang='lat' dir='ltr'><strong>tantum</strong></span> <span class='ocrx_word' id='word_1_178' title='bbox 675 2583 775 2649; x_wconf 92' lang='lat' dir='ltr'><strong>modo.</strong></span> <span class='ocrx_word' id='word_1_179' title='bbox 822 2580 927 2646; x_wconf 82' lang='lat' dir='ltr'><strong>Codex</strong></span> <span class='ocrx_word' id='word_1_180' title='bbox 949 2586 998 2646; x_wconf 90' lang='lat' dir='ltr'><strong>est</strong></span> <span class='ocrx_word' id='word_1_181' title='bbox 1020 2580 1205 2645; x_wconf 86' lang='lat' dir='ltr'><strong>chartaceus</strong></span> <span class='ocrx_word' id='word_1_182' title='bbox 1227 2597 1284 2642; x_wconf 91' lang='lat' dir='ltr'><strong>ms.</strong></span> <span class='ocrx_word' id='word_1_183' title='bbox 1307 2580 1337 2644; x_wconf 91' lang='lat' dir='ltr'><strong>ln</strong></span> <span class='ocrx_word' id='word_1_184' title='bbox 1366 2580 1408 2644; x_wconf 81' lang='lat'><strong>4⁰</strong></span> <span class='ocrx_word' id='word_1_185' title='bbox 1435 2579 1550 2646; x_wconf 86' lang='lat' dir='ltr'><strong>saeculi</strong></span> <span class='ocrx_word' id='word_1_186' title='bbox 1573 2578 1633 2645; x_wconf 87' lang='lat' dir='ltr'><strong>XV</strong></span> <span class='ocrx_word' id='word_1_187' title='bbox 1655 2581 1814 2663; x_wconf 76' lang='lat' dir='ltr'><strong>eleganter</strong></span> <span class='ocrx_word' id='word_1_188' title='bbox 1842 2583 1989 2648; x_wconf 88' lang='lat' dir='ltr'><strong>emanda-</strong></span> 
     </span>
    </p>
   </div>
   <div class='ocr_carea' id='block_1_3' title="bbox 405 2701 1989 4931">
    <p class='ocr_par' dir='ltr' id='par_1_4' title="bbox 408 2701 1179 2787">
     <span class='ocr_line' id='line_1_18' title="bbox 408 2701 1179 2787; baseline -0.006 -17"><span class='ocrx_word' id='word_1_189' title='bbox 408 2711 502 2787; x_wconf 87' lang='lat' dir='ltr'><strong>teqna</strong></span> <span class='ocrx_word' id='word_1_190' title='bbox 524 2710 687 2785; x_wconf 82' lang='lat' dir='ltr'><strong>exaratus3</strong></span> <span class='ocrx_word' id='word_1_191' title='bbox 710 2709 832 2770; x_wconf 87' lang='lat' dir='ltr'><strong>constat</strong></span> <span class='ocrx_word' id='word_1_192' title='bbox 853 2701 936 2769; x_wconf 83' lang='lat' dir='ltr'><strong>foliis</strong></span> <span class='ocrx_word' id='word_1_193' title='bbox 960 2703 1085 2784; x_wconf 88' lang='lat' dir='ltr'><strong>scriptis</strong></span> <span class='ocrx_word' id='word_1_194' title='bbox 1108 2703 1179 2767; x_wconf 91' lang='grc'><strong>131.</strong></span> 
     </span>
    </p>

    <p class='ocr_par' dir='ltr' id='par_1_5' title="bbox 405 2821 1989 4570">
     <span class='ocr_line' id='line_1_19' title="bbox 561 2821 1985 2910; baseline -0.001 -19"><span class='ocrx_word' id='word_1_195' title='bbox 561 2823 666 2910; x_wconf 83' lang='lat' dir='ltr'><strong>Codex</strong></span> <span class='ocrx_word' id='word_1_196' title='bbox 681 2824 815 2892; x_wconf 83' lang='lat' dir='ltr'>XXXIV</span> <span class='ocrx_word' id='word_1_197' title='bbox 830 2831 925 2892; x_wconf 90' lang='lat' dir='ltr'><strong>estet</strong></span> <span class='ocrx_word' id='word_1_198' title='bbox 941 2823 1172 2892; x_wconf 88' lang='lat' dir='ltr'><strong>valdemntilus</strong></span> <span class='ocrx_word' id='word_1_199' title='bbox 1187 2824 1218 2888; x_wconf 92' lang='lat' dir='ltr'><strong>in</strong></span> <span class='ocrx_word' id='word_1_200' title='bbox 1235 2821 1399 2904; x_wconf 82' lang='lat' dir='ltr'><strong>principio,</strong></span> <span class='ocrx_word' id='word_1_201' title='bbox 1422 2823 1477 2888; x_wconf 93' lang='lat' dir='ltr'><strong>ubi</strong></span> <span class='ocrx_word' id='word_1_202' title='bbox 1499 2841 1655 2905; x_wconf 88' lang='lat' dir='ltr'><strong>perpauca</strong></span> <span class='ocrx_word' id='word_1_203' title='bbox 1679 2843 1718 2890; x_wconf 85' lang='lat' dir='ltr'><strong>ex</strong></span> <span class='ocrx_word' id='word_1_204' title='bbox 1742 2824 1868 2888; x_wconf 82' lang='lat' dir='ltr'><strong>Arriani</strong></span> <span class='ocrx_word' id='word_1_205' title='bbox 1891 2824 1985 2890; x_wconf 89' lang='lat' dir='ltr'><strong>histo·</strong></span> 
     </span>
     <span class='ocr_line' id='line_1_20' title="bbox 408 2933 1988 3028; baseline -0.003 -18"><span class='ocrx_word' id='word_1_206' title='bbox 408 2945 456 3010; x_wconf 90' lang='lat' dir='ltr'><strong>ria</strong></span> <span class='ocrx_word' id='word_1_207' title='bbox 478 2947 595 3027; x_wconf 89' lang='lat' dir='ltr'><strong>scripta</strong></span> <span class='ocrx_word' id='word_1_208' title='bbox 616 2945 828 3021; x_wconf 87' lang='lat' dir='ltr'><strong>inveniuntur,</strong></span> <span class='ocrx_word' id='word_1_209' title='bbox 851 2951 883 3011; x_wconf 88' lang='lat' dir='ltr'><strong>et</strong></span> <span class='ocrx_word' id='word_1_210' title='bbox 905 2944 957 3011; x_wconf 88' lang='lat' dir='ltr'><strong>alii</strong></span> <span class='ocrx_word' id='word_1_211' title='bbox 980 2945 1090 3010; x_wconf 90' lang='lat' dir='ltr'><strong>insunt</strong></span> <span class='ocrx_word' id='word_1_212' title='bbox 1104 2946 1221 3010; x_wconf 84' lang='lat' dir='ltr'><strong>bintus.</strong></span> <span class='ocrx_word' id='word_1_213' title='bbox 1260 2945 1355 3010; x_wconf 86' lang='lat' dir='ltr'><strong>Liber</strong></span> <span class='ocrx_word' id='word_1_214' title='bbox 1377 2942 1392 3007; x_wconf 94' lang='lat' dir='ltr'>I</span> <span class='ocrx_word' id='word_1_215' title='bbox 1414 2945 1541 3010; x_wconf 87' lang='lat' dir='ltr'><strong>iliodori</strong></span> <span class='ocrx_word' id='word_1_216' title='bbox 1558 2944 1674 3008; x_wconf 90' lang='lat' dir='ltr'><strong>desinit</strong></span> <span class='ocrx_word' id='word_1_217' title='bbox 1695 2942 1781 3024; x_wconf 81' lang='grc' dir='ltr'><em>παρὰ</em></span> <span class='ocrx_word' id='word_1_218' title='bbox 1801 2945 1867 3018; x_wconf 85' lang='grc' dir='ltr'><em>τοῖς</em></span> <span class='ocrx_word' id='word_1_219' title='bbox 1881 2933 1988 3028; x_wconf 75' lang='grc' dir='ltr'><em>Ἕλλη</em></span> 
     </span>
     <span class='ocr_line' id='line_1_21' title="bbox 408 3062 1989 3152; baseline -0.001 -24"><span class='ocrx_word' id='word_1_220' title='bbox 408 3088 454 3130; x_wconf 86' lang='grc' dir='ltr'><em>σιν</em></span> <span class='ocrx_word' id='word_1_221' title='bbox 477 3062 736 3152; x_wconf 64' lang='grc' dir='ltr'><em>ἐθαυμάσθησαν.</em></span> <span class='ocrx_word' id='word_1_222' title='bbox 782 3063 819 3128; x_wconf 95' lang='lat' dir='ltr'><strong>ln</strong></span> <span class='ocrx_word' id='word_1_223' title='bbox 842 3066 942 3145; x_wconf 90' lang='lat' dir='ltr'><strong>prima</strong></span> <span class='ocrx_word' id='word_1_224' title='bbox 963 3071 1053 3148; x_wconf 86' lang='lat' dir='ltr'><strong>parte</strong></span> <span class='ocrx_word' id='word_1_225' title='bbox 1076 3065 1170 3130; x_wconf 88' lang='lat' dir='ltr'><strong>huius</strong></span> <span class='ocrx_word' id='word_1_226' title='bbox 1196 3063 1268 3128; x_wconf 90' lang='lat' dir='ltr'><strong>libri</strong></span> <span class='ocrx_word' id='word_1_227' title='bbox 1299 3064 1413 3129; x_wconf 87' lang='lat' dir='ltr'><strong>desunt</strong></span> <span class='ocrx_word' id='word_1_228' title='bbox 1442 3063 1546 3129; x_wconf 91' lang='lat' dir='ltr'><strong>omnia</strong></span> <span class='ocrx_word' id='word_1_229' title='bbox 1575 3063 1643 3134; x_wconf 77' lang='lat' dir='ltr'><strong>illa,</strong></span> <span class='ocrx_word' id='word_1_230' title='bbox 1674 3081 1755 3144; x_wconf 89' lang='lat' dir='ltr'><strong>quae</strong></span> <span class='ocrx_word' id='word_1_231' title='bbox 1783 3062 1886 3127; x_wconf 89' lang='lat' dir='ltr'><strong>media</strong></span> <span class='ocrx_word' id='word_1_232' title='bbox 1915 3068 1989 3128; x_wconf 91' lang='lat' dir='ltr'><strong>sunt</strong></span> 
     </span>
     <span class='ocr_line' id='line_1_22' title="bbox 409 3177 1989 3272; baseline -0.001 -26"><span class='ocrx_word' id='word_1_233' title='bbox 409 3183 491 3248; x_wconf 90' lang='lat' dir='ltr'><strong>inter</strong></span> <span class='ocrx_word' id='word_1_234' title='bbox 512 3185 607 3249; x_wconf 84' lang='lat' dir='ltr'><strong>verba</strong></span> <span class='ocrx_word' id='word_1_235' title='bbox 629 3182 852 3272; x_wconf 62' lang='grc' dir='ltr'><em>ἐγχειρήσομεν</em></span> <span class='ocrx_word' id='word_1_236' title='bbox 880 3189 913 3248; x_wconf 90' lang='lat' dir='ltr'><strong>et</strong></span> <span class='ocrx_word' id='word_1_237' title='bbox 941 3183 1012 3266; x_wconf 77' lang='grc' dir='ltr'><em>περὶ</em></span> <span class='ocrx_word' id='word_1_238' title='bbox 1034 3182 1070 3246; x_wconf 78' lang='grc' dir='ltr'><strong>δὲ</strong></span> <span class='ocrx_word' id='word_1_239' title='bbox 1093 3186 1148 3268; x_wconf 81' lang='grc' dir='ltr'><em>τῆς</em></span> <span class='ocrx_word' id='word_1_240' title='bbox 1164 3182 1277 3268; x_wconf 80' lang='grc' dir='ltr'><em>χώρας</em></span> <span class='ocrx_word' id='word_1_241' title='bbox 1299 3203 1325 3244; x_wconf 80' lang='grc' dir='ltr'><strong>ιι.</strong></span> <span class='ocrx_word' id='word_1_242' title='bbox 1348 3181 1372 3244; x_wconf 92' lang='grc' dir='ltr'><strong>λ.</strong></span> <span class='ocrx_word' id='word_1_243' title='bbox 1402 3186 1438 3246; x_wconf 92' lang='lat' dir='ltr'><strong>ut</strong></span> <span class='ocrx_word' id='word_1_244' title='bbox 1465 3181 1496 3244; x_wconf 90' lang='lat' dir='ltr'><strong>in</strong></span> <span class='ocrx_word' id='word_1_245' title='bbox 1524 3180 1609 3246; x_wconf 86' lang='lat' dir='ltr'><strong>dicto</strong></span> <span class='ocrx_word' id='word_1_246' title='bbox 1638 3180 1744 3246; x_wconf 89' lang='lat' dir='ltr'><strong>codice</strong></span> <span class='ocrx_word' id='word_1_247' title='bbox 1767 3179 1798 3256; x_wconf 78' lang='lat'><strong>13</strong></span> <span class='ocrx_word' id='word_1_248' title='bbox 1827 3180 1858 3244; x_wconf 88' lang='lat' dir='ltr'><strong>ln</strong></span> <span class='ocrx_word' id='word_1_249' title='bbox 1889 3177 1989 3244; x_wconf 88' lang='lat' dir='ltr'><strong>altera</strong></span> 
     </span>
     <span class='ocr_line' id='line_1_23' title="bbox 409 3297 1988 3384; baseline -0.004 -18"><span class='ocrx_word' id='word_1_250' title='bbox 409 3301 521 3367; x_wconf 90' lang='lat' dir='ltr'><strong>deinde</strong></span> <span class='ocrx_word' id='word_1_251' title='bbox 544 3300 623 3367; x_wconf 89' lang='lat' dir='ltr'><strong>alius</strong></span> <span class='ocrx_word' id='word_1_252' title='bbox 647 3301 788 3367; x_wconf 85' lang='lat' dir='ltr'><strong>deiectus</strong></span> <span class='ocrx_word' id='word_1_253' title='bbox 810 3299 948 3367; x_wconf 91' lang='lat' dir='ltr'><strong>occurrit</strong></span> <span class='ocrx_word' id='word_1_254' title='bbox 969 3319 987 3364; x_wconf 90' lang='lat' dir='ltr'><strong>a</strong></span> <span class='ocrx_word' id='word_1_255' title='bbox 1010 3300 1112 3366; x_wconf 89' lang='lat' dir='ltr'><strong>verbis</strong></span> <span class='ocrx_word' id='word_1_256' title='bbox 1135 3301 1235 3373; x_wconf 85' lang='grc' dir='ltr'><em>ἱππεῖς</em></span> <span class='ocrx_word' id='word_1_257' title='bbox 1256 3297 1292 3362; x_wconf 83' lang='grc' dir='ltr'><strong>δὲ</strong></span> <span class='ocrx_word' id='word_1_258' title='bbox 1307 3297 1487 3384; x_wconf 86' lang='grc' dir='ltr'><em>δισμυρίους</em></span> <span class='ocrx_word' id='word_1_259' title='bbox 1503 3321 1527 3367; x_wconf 90' lang='grc' dir='ltr'><em>ιι,</em></span> <span class='ocrx_word' id='word_1_260' title='bbox 1543 3299 1569 3361; x_wconf 89' lang='grc' dir='ltr'><strong>λ.</strong></span> <span class='ocrx_word' id='word_1_261' title='bbox 1586 3299 1652 3378; x_wconf 86' lang='grc'><strong>[64,</strong></span> <span class='ocrx_word' id='word_1_262' title='bbox 1668 3299 1702 3378; x_wconf 84' lang='grc'><strong>3]</strong></span> <span class='ocrx_word' id='word_1_263' title='bbox 1720 3298 1875 3380; x_wconf 88' lang='lat' dir='ltr'><strong>usquead</strong></span> <span class='ocrx_word' id='word_1_264' title='bbox 1893 3297 1988 3361; x_wconf 83' lang='lat' dir='ltr'><strong>verba</strong></span> 
     </span>
     <span class='ocr_line' id='line_1_24' title="bbox 405 3415 1989 3509; baseline -0.003 -25"><span class='ocrx_word' id='word_1_265' title='bbox 405 3419 498 3509; x_wconf 78' lang='grc' dir='ltr'><em>χάριν</em></span> <span class='ocrx_word' id='word_1_266' title='bbox 518 3419 702 3483; x_wconf 73' lang='grc' dir='ltr'><em>ἀποδιδόναι</em></span> <span class='ocrx_word' id='word_1_267' title='bbox 724 3419 809 3498; x_wconf 86' lang='grc'><strong>[100,</strong></span> <span class='ocrx_word' id='word_1_268' title='bbox 826 3421 893 3502; x_wconf 80' lang='grc'><strong>26],</strong></span> <span class='ocrx_word' id='word_1_269' title='bbox 916 3421 955 3485; x_wconf 88' lang='lat' dir='ltr'><strong>ad</strong></span> <span class='ocrx_word' id='word_1_270' title='bbox 979 3437 1070 3501; x_wconf 88' lang='lat' dir='ltr'><strong>quem</strong></span> <span class='ocrx_word' id='word_1_271' title='bbox 1094 3419 1300 3500; x_wconf 88' lang='lat' dir='ltr'><strong>supplendum</strong></span> <span class='ocrx_word' id='word_1_272' title='bbox 1324 3437 1379 3482; x_wconf 85' lang='lat' dir='ltr'><strong>sex</strong></span> <span class='ocrx_word' id='word_1_273' title='bbox 1402 3417 1475 3483; x_wconf 91' lang='lat' dir='ltr'><strong>iolla</strong></span> <span class='ocrx_word' id='word_1_274' title='bbox 1497 3437 1597 3484; x_wconf 79' lang='lat' dir='ltr'><strong>vacua</strong></span> <span class='ocrx_word' id='word_1_275' title='bbox 1618 3419 1737 3482; x_wconf 83' lang='lat' dir='ltr'><strong>inserts</strong></span> <span class='ocrx_word' id='word_1_276' title='bbox 1761 3425 1843 3482; x_wconf 87' lang='lat' dir='ltr'><strong>sunt</strong></span> <span class='ocrx_word' id='word_1_277' title='bbox 1878 3415 1989 3499; x_wconf 87' lang='lat' dir='ltr'><strong>Sequi·</strong></span> 
     </span>
     <span class='ocr_line' id='line_1_25' title="bbox 410 3533 1988 3621; baseline -0.002 -19"><span class='ocrx_word' id='word_1_278' title='bbox 410 3547 463 3604; x_wconf 91' lang='lat' dir='ltr'><strong>tur</strong></span> <span class='ocrx_word' id='word_1_279' title='bbox 485 3539 564 3606; x_wconf 92' lang='lat' dir='ltr'><strong>liber</strong></span> <span class='ocrx_word' id='word_1_280' title='bbox 585 3536 618 3603; x_wconf 91' lang='lat'><strong>11</strong></span> <span class='ocrx_word' id='word_1_281' title='bbox 639 3539 765 3621; x_wconf 85' lang='lat' dir='ltr'><strong>praevio</strong></span> <span class='ocrx_word' id='word_1_282' title='bbox 789 3538 889 3604; x_wconf 82' lang='lat' dir='ltr'><strong>indIce</strong></span> <span class='ocrx_word' id='word_1_283' title='bbox 912 3537 1047 3618; x_wconf 88' lang='lat' dir='ltr'><strong>capitum</strong></span> <span class='ocrx_word' id='word_1_284' title='bbox 1071 3535 1130 3601; x_wconf 86' lang='lat' dir='ltr'><strong>XV</strong></span> <span class='ocrx_word' id='word_1_285' title='bbox 1154 3542 1189 3600; x_wconf 90' lang='lat' dir='ltr'><strong>ut</strong></span> <span class='ocrx_word' id='word_1_286' title='bbox 1212 3538 1241 3602; x_wconf 91' lang='lat' dir='ltr'><strong>in</strong></span> <span class='ocrx_word' id='word_1_287' title='bbox 1266 3538 1333 3602; x_wconf 93' lang='lat' dir='ltr'><strong>cod.</strong></span> <span class='ocrx_word' id='word_1_288' title='bbox 1356 3535 1387 3619; x_wconf 77' lang='grc' dir='ltr'><strong>Ι,</strong></span> <span class='ocrx_word' id='word_1_289' title='bbox 1411 3543 1477 3602; x_wconf 90' lang='lat' dir='ltr'><strong>tum</strong></span> <span class='ocrx_word' id='word_1_290' title='bbox 1500 3537 1577 3601; x_wconf 89' lang='lat' dir='ltr'><strong>liber</strong></span> <span class='ocrx_word' id='word_1_291' title='bbox 1600 3535 1649 3599; x_wconf 90' lang='lat' dir='ltr'><strong>III</strong></span> <span class='ocrx_word' id='word_1_292' title='bbox 1675 3555 1745 3602; x_wconf 92' lang='lat' dir='ltr'><strong>cam</strong></span> <span class='ocrx_word' id='word_1_293' title='bbox 1774 3535 1883 3602; x_wconf 90' lang='lat' dir='ltr'><strong>tabula</strong></span> <span class='ocrx_word' id='word_1_294' title='bbox 1905 3533 1988 3614; x_wconf 83' lang='lat' dir='ltr'><strong>capi·</strong></span> 
     </span>
     <span class='ocr_line' id='line_1_26' title="bbox 411 3651 1988 3740; baseline -0.003 -17"><span class='ocrx_word' id='word_1_295' title='bbox 411 3665 477 3723; x_wconf 93' lang='lat' dir='ltr'><strong>tum</strong></span> <span class='ocrx_word' id='word_1_296' title='bbox 501 3656 538 3736; x_wconf 85' lang='lat' dir='ltr'><strong>V,</strong></span> <span class='ocrx_word' id='word_1_297' title='bbox 561 3657 613 3738; x_wconf 87' lang='lat' dir='ltr'><strong>qui</strong></span> <span class='ocrx_word' id='word_1_298' title='bbox 638 3657 753 3723; x_wconf 85' lang='lat' dir='ltr'><strong>desinit</strong></span> <span class='ocrx_word' id='word_1_299' title='bbox 775 3657 956 3738; x_wconf 81' lang='lat' dir='ltr'><strong>imperfecte</strong></span> <span class='ocrx_word' id='word_1_300' title='bbox 982 3655 1013 3720; x_wconf 90' lang='lat' dir='ltr'><strong>in</strong></span> <span class='ocrx_word' id='word_1_301' title='bbox 1038 3656 1141 3721; x_wconf 84' lang='lat' dir='ltr'><strong>verbis</strong></span> <span class='ocrx_word' id='word_1_302' title='bbox 1169 3651 1242 3718; x_wconf 81' lang='grc' dir='ltr'><em>ἔνιοι</em></span> <span class='ocrx_word' id='word_1_303' title='bbox 1264 3654 1300 3718; x_wconf 79' lang='grc' dir='ltr'><strong>δὲ</strong></span> <span class='ocrx_word' id='word_1_304' title='bbox 1324 3654 1384 3718; x_wconf 78' lang='grc' dir='ltr'><em>τῶν</em></span> <span class='ocrx_word' id='word_1_305' title='bbox 1406 3656 1578 3740; x_wconf 76' lang='grc' dir='ltr'><em>ἱστορικῶν,</em></span> <span class='ocrx_word' id='word_1_306' title='bbox 1607 3673 1689 3735; x_wconf 87' lang='lat' dir='ltr'><strong>qnae</strong></span> <span class='ocrx_word' id='word_1_307' title='bbox 1718 3654 1866 3736; x_wconf 86' lang='lat' dir='ltr'><strong>leguntur</strong></span> <span class='ocrx_word' id='word_1_308' title='bbox 1886 3655 1917 3718; x_wconf 93' lang='lat' dir='ltr'><strong>in</strong></span> <span class='ocrx_word' id='word_1_309' title='bbox 1940 3671 1988 3720; x_wconf 90' lang='lat' dir='ltr'><strong>ca·</strong></span> 
     </span>
     <span class='ocr_line' id='line_1_27' title="bbox 410 3772 1988 3856; baseline -0.003 -15"><span class='ocrx_word' id='word_1_310' title='bbox 410 3777 474 3856; x_wconf 90' lang='lat' dir='ltr'><strong>pite</strong></span> <span class='ocrx_word' id='word_1_311' title='bbox 496 3777 537 3840; x_wconf 80' lang='lat'><strong>55</strong></span> <span class='ocrx_word' id='word_1_312' title='bbox 560 3776 653 3842; x_wconf 89' lang='lat' dir='ltr'><strong>buius</strong></span> <span class='ocrx_word' id='word_1_313' title='bbox 674 3775 747 3840; x_wconf 90' lang='lat' dir='ltr'><strong>libri</strong></span> <span class='ocrx_word' id='word_1_314' title='bbox 771 3775 856 3852; x_wconf 66' lang='lat' dir='ltr'><strong>[m</strong></span> <span class='ocrx_word' id='word_1_315' title='bbox 872 3775 945 3853; x_wconf 77' lang='lat'><strong>8713</strong></span> <span class='ocrx_word' id='word_1_316' title='bbox 968 3772 1041 3839; x_wconf 88' lang='lat' dir='ltr'><strong>binc</strong></span> <span class='ocrx_word' id='word_1_317' title='bbox 1063 3779 1191 3855; x_wconf 87' lang='lat' dir='ltr'><strong>propter</strong></span> <span class='ocrx_word' id='word_1_318' title='bbox 1213 3791 1354 3856; x_wconf 83' lang='lat' dir='ltr'><strong>magnam</strong></span> <span class='ocrx_word' id='word_1_319' title='bbox 1378 3773 1493 3840; x_wconf 88' lang='lat' dir='ltr'><strong>codicis</strong></span> <span class='ocrx_word' id='word_1_320' title='bbox 1516 3774 1668 3838; x_wconf 89' lang='lat' dir='ltr'><strong>iacturam</strong></span> <span class='ocrx_word' id='word_1_321' title='bbox 1684 3773 1767 3836; x_wconf 93' lang='lat' dir='ltr'><strong>inter</strong></span> <span class='ocrx_word' id='word_1_322' title='bbox 1782 3791 1873 3853; x_wconf 84' lang='lat' dir='ltr'><strong>pagg.</strong></span> <span class='ocrx_word' id='word_1_323' title='bbox 1891 3772 1932 3836; x_wconf 80' lang='lat'><strong>70</strong></span> <span class='ocrx_word' id='word_1_324' title='bbox 1955 3777 1988 3837; x_wconf 86' lang='lat' dir='ltr'><strong>et</strong></span> 
     </span>
     <span class='ocr_line' id='line_1_28' title="bbox 410 3885 1988 3980; baseline -0.003 -23"><span class='ocrx_word' id='word_1_325' title='bbox 410 3896 448 3957; x_wconf 87' lang='grc'><strong>71</strong></span> <span class='ocrx_word' id='word_1_326' title='bbox 479 3904 655 3976; x_wconf 85' lang='lat' dir='ltr'><strong>sequuntur</strong></span> <span class='ocrx_word' id='word_1_327' title='bbox 684 3893 772 3958; x_wconf 91' lang='lat' dir='ltr'><strong>initio</strong></span> <span class='ocrx_word' id='word_1_328' title='bbox 801 3893 894 3959; x_wconf 87' lang='lat' dir='ltr'><strong>huius</strong></span> <span class='ocrx_word' id='word_1_329' title='bbox 915 3885 1062 3974; x_wconf 45' lang='lat' dir='ltr'><strong>‘paginae</strong></span> <span class='ocrx_word' id='word_1_330' title='bbox 1092 3893 1188 3957; x_wconf 84' lang='lat' dir='ltr'><strong>rerba</strong></span> <span class='ocrx_word' id='word_1_331' title='bbox 1218 3893 1416 3977; x_wconf 84' lang='grc' dir='ltr'><em>περιστάσεις</em></span> <span class='ocrx_word' id='word_1_332' title='bbox 1449 3891 1502 3965; x_wconf 84' lang='grc' dir='ltr'><em>τάς</em></span> <span class='ocrx_word' id='word_1_333' title='bbox 1535 3890 1667 3980; x_wconf 72' lang='grc' dir='ltr'><em>ἐχούσας</em></span> <span class='ocrx_word' id='word_1_334' title='bbox 1700 3887 1878 3977; x_wconf 81' lang='grc' dir='ltr'><em>δεινιὶιητας</em></span> <span class='ocrx_word' id='word_1_335' title='bbox 1910 3913 1937 3954; x_wconf 87' lang='grc' dir='ltr'><strong>ιι.</strong></span> <span class='ocrx_word' id='word_1_336' title='bbox 1960 3889 1988 3952; x_wconf 91' lang='grc' dir='ltr'><strong>λ.</strong></span> 
     </span>
     <span class='ocr_line' id='line_1_29' title="bbox 412 4008 1989 4093; baseline -0.002 -17"><span class='ocrx_word' id='word_1_337' title='bbox 412 4013 498 4091; x_wconf 63' lang='grc'><strong>[369</strong></span> <span class='ocrx_word' id='word_1_338' title='bbox 514 4013 580 4092; x_wconf 86' lang='grc'><strong>87],</strong></span> <span class='ocrx_word' id='word_1_339' title='bbox 603 4029 684 4092; x_wconf 88' lang='lat' dir='ltr'><strong>quae</strong></span> <span class='ocrx_word' id='word_1_340' title='bbox 707 4011 864 4090; x_wconf 87' lang='lat' dir='ltr'><strong>pertinent</strong></span> <span class='ocrx_word' id='word_1_341' title='bbox 886 4010 926 4076; x_wconf 88' lang='lat' dir='ltr'><strong>ad</strong></span> <span class='ocrx_word' id='word_1_342' title='bbox 949 4018 1043 4093; x_wconf 91' lang='lat' dir='ltr'><strong>caput</strong></span> <span class='ocrx_word' id='word_1_343' title='bbox 1066 4011 1201 4076; x_wconf 73' lang='lat' dir='ltr'><strong>delubri</strong></span> <span class='ocrx_word' id='word_1_344' title='bbox 1224 4008 1262 4073; x_wconf 90' lang='lat' dir='ltr'><strong>V.</strong></span> <span class='ocrx_word' id='word_1_345' title='bbox 1294 4012 1392 4076; x_wconf 90' lang='lat' dir='ltr'><strong>Periit</strong></span> <span class='ocrx_word' id='word_1_346' title='bbox 1413 4011 1512 4091; x_wconf 84' lang='lat' dir='ltr'><strong>igitur</strong></span> <span class='ocrx_word' id='word_1_347' title='bbox 1533 4009 1565 4074; x_wconf 94' lang='lat' dir='ltr'><strong>in</strong></span> <span class='ocrx_word' id='word_1_348' title='bbox 1589 4010 1647 4076; x_wconf 90' lang='lat' dir='ltr'><strong>hoc</strong></span> <span class='ocrx_word' id='word_1_349' title='bbox 1669 4010 1757 4074; x_wconf 90' lang='lat' dir='ltr'><strong>hiatu</strong></span> <span class='ocrx_word' id='word_1_350' title='bbox 1780 4027 1893 4090; x_wconf 80' lang='lat' dir='ltr'><strong>magns</strong></span> <span class='ocrx_word' id='word_1_351' title='bbox 1915 4025 1989 4088; x_wconf 90' lang='lat' dir='ltr'><strong>pars</strong></span> 
     </span>
     <span class='ocr_line' id='line_1_30' title="bbox 410 4118 1989 4211; baseline -0.001 -18"><span class='ocrx_word' id='word_1_352' title='bbox 410 4128 482 4196; x_wconf 88' lang='lat' dir='ltr'><strong>libri</strong></span> <span class='ocrx_word' id='word_1_353' title='bbox 506 4130 551 4196; x_wconf 95' lang='lat' dir='ltr'><strong>lll</strong></span> <span class='ocrx_word' id='word_1_354' title='bbox 580 4137 728 4210; x_wconf 89' lang='lat' dir='ltr'><strong>totusque</strong></span> <span class='ocrx_word' id='word_1_355' title='bbox 755 4127 799 4193; x_wconf 92' lang='lat' dir='ltr'><strong>lV</strong></span> <span class='ocrx_word' id='word_1_356' title='bbox 830 4135 861 4193; x_wconf 90' lang='lat' dir='ltr'><strong>et</strong></span> <span class='ocrx_word' id='word_1_357' title='bbox 889 4129 1063 4211; x_wconf 74' lang='lat' dir='ltr'><strong>exquirito</strong></span> <span class='ocrx_word' id='word_1_358' title='bbox 1092 4136 1237 4211; x_wconf 85' lang='lat' dir='ltr'><strong>superest</strong></span> <span class='ocrx_word' id='word_1_359' title='bbox 1265 4118 1385 4195; x_wconf 76' lang='lat' dir='ltr'><strong>tuntum</strong></span> <span class='ocrx_word' id='word_1_360' title='bbox 1417 4129 1625 4208; x_wconf 80' lang='lat' dir='ltr'><strong>fragmentum</strong></span> <span class='ocrx_word' id='word_1_361' title='bbox 1657 4127 1806 4207; x_wconf 86' lang='lat' dir='ltr'><strong>iucipiens</strong></span> <span class='ocrx_word' id='word_1_362' title='bbox 1839 4125 1989 4192; x_wconf 86' lang='lat' dir='ltr'><strong>arerbis</strong></span> 
     </span>
     <span class='ocr_line' id='line_1_31' title="bbox 409 4245 1988 4333; baseline -0.003 -20"><span class='ocrx_word' id='word_1_363' title='bbox 409 4248 518 4315; x_wconf 90' lang='lat' dir='ltr'><strong>relatis</strong></span> <span class='ocrx_word' id='word_1_364' title='bbox 541 4255 573 4313; x_wconf 91' lang='lat' dir='ltr'><strong>et</strong></span> <span class='ocrx_word' id='word_1_365' title='bbox 595 4249 740 4313; x_wconf 89' lang='lat' dir='ltr'><strong>desinens</strong></span> <span class='ocrx_word' id='word_1_366' title='bbox 762 4249 792 4311; x_wconf 87' lang='lat' dir='ltr'><strong>ln</strong></span> <span class='ocrx_word' id='word_1_367' title='bbox 817 4248 919 4313; x_wconf 85' lang='lat' dir='ltr'><strong>verbis</strong></span> <span class='ocrx_word' id='word_1_368' title='bbox 942 4247 1123 4332; x_wconf 70' lang='grc' dir='ltr'><em>εὐεργεσίας</em></span> <span class='ocrx_word' id='word_1_369' title='bbox 1145 4249 1403 4333; x_wconf 75' lang='grc' dir='ltr'><em>διαπορευόμενοι</em></span> <span class='ocrx_word' id='word_1_370' title='bbox 1431 4248 1515 4326; x_wconf 88' lang='grc'><strong>[367,</strong></span> <span class='ocrx_word' id='word_1_371' title='bbox 1531 4248 1603 4330; x_wconf 81' lang='grc'><strong>35],</strong></span> <span class='ocrx_word' id='word_1_372' title='bbox 1625 4263 1706 4329; x_wconf 89' lang='lat' dir='ltr'><strong>quae</strong></span> <span class='ocrx_word' id='word_1_373' title='bbox 1736 4252 1811 4311; x_wconf 90' lang='lat' dir='ltr'><strong>sunt</strong></span> <span class='ocrx_word' id='word_1_374' title='bbox 1838 4263 1906 4328; x_wconf 84' lang='lat' dir='ltr'><strong>cap.</strong></span> <span class='ocrx_word' id='word_1_375' title='bbox 1930 4245 1988 4324; x_wconf 79' lang='lat'><strong>46;</strong></span> 
     </span>
     <span class='ocr_line' id='line_1_32' title="bbox 410 4364 1987 4449; baseline -0.004 -16"><span class='ocrx_word' id='word_1_376' title='bbox 410 4387 466 4449; x_wconf 90' lang='lat' dir='ltr'><strong>pro</strong></span> <span class='ocrx_word' id='word_1_377' title='bbox 488 4368 546 4433; x_wconf 93' lang='lat' dir='ltr'><strong>hoc</strong></span> <span class='ocrx_word' id='word_1_378' title='bbox 569 4366 692 4432; x_wconf 91' lang='lat' dir='ltr'><strong>deiectu</strong></span> <span class='ocrx_word' id='word_1_379' title='bbox 715 4365 888 4449; x_wconf 89' lang='lat' dir='ltr'><strong>supplendo</strong></span> <span class='ocrx_word' id='word_1_380' title='bbox 911 4375 981 4432; x_wconf 91' lang='lat' dir='ltr'><strong>octo</strong></span> <span class='ocrx_word' id='word_1_381' title='bbox 1004 4366 1079 4433; x_wconf 89' lang='lat' dir='ltr'><strong>lolia</strong></span> <span class='ocrx_word' id='word_1_382' title='bbox 1101 4387 1199 4434; x_wconf 78' lang='lat' dir='ltr'><strong>vacua</strong></span> <span class='ocrx_word' id='word_1_383' title='bbox 1221 4375 1295 4433; x_wconf 91' lang='lat' dir='ltr'><strong>sunt</strong></span> <span class='ocrx_word' id='word_1_384' title='bbox 1314 4369 1441 4432; x_wconf 85' lang='lat' dir='ltr'><strong>inserta</strong></span> <span class='ocrx_word' id='word_1_385' title='bbox 1488 4365 1592 4431; x_wconf 85' lang='lat' dir='ltr'><strong>Codex</strong></span> <span class='ocrx_word' id='word_1_386' title='bbox 1621 4371 1670 4431; x_wconf 87' lang='lat' dir='ltr'><strong>est</strong></span> <span class='ocrx_word' id='word_1_387' title='bbox 1697 4364 1901 4447; x_wconf 82' lang='lat' dir='ltr'><strong>bombycinus</strong></span> <span class='ocrx_word' id='word_1_388' title='bbox 1930 4383 1987 4429; x_wconf 89' lang='lat' dir='ltr'><strong>ms.</strong></span> 
     </span>
     <span class='ocr_line' id='line_1_33' title="bbox 410 4485 1897 4570; baseline -0.002 -20"><span class='ocrx_word' id='word_1_389' title='bbox 410 4487 441 4551; x_wconf 93' lang='lat' dir='ltr'><strong>in</strong></span> <span class='ocrx_word' id='word_1_390' title='bbox 463 4487 625 4551; x_wconf 70' lang='lat' dir='ltr'><strong>eminere</strong></span> <span class='ocrx_word' id='word_1_391' title='bbox 647 4485 762 4551; x_wconf 86' lang='lat' dir='ltr'><strong>saeculi</strong></span> <span class='ocrx_word' id='word_1_392' title='bbox 787 4485 863 4564; x_wconf 90' lang='lat' dir='ltr'><strong>XV;</strong></span> <span class='ocrx_word' id='word_1_393' title='bbox 886 4491 1009 4552; x_wconf 88' lang='lat' dir='ltr'><strong>constat</strong></span> <span class='ocrx_word' id='word_1_394' title='bbox 1030 4487 1113 4552; x_wconf 87' lang='lat' dir='ltr'><strong>loliis</strong></span> <span class='ocrx_word' id='word_1_395' title='bbox 1135 4487 1261 4570; x_wconf 86' lang='lat' dir='ltr'><strong>scriptis</strong></span> <span class='ocrx_word' id='word_1_396' title='bbox 1283 4488 1325 4551; x_wconf 82' lang='lat' dir='ltr'><strong>ts</strong></span> <span class='ocrx_word' id='word_1_397' title='bbox 1347 4495 1379 4561; x_wconf 87' lang='lat' dir='ltr'><strong>et</strong></span> <span class='ocrx_word' id='word_1_398' title='bbox 1401 4486 1557 4554; x_wconf 75' lang='lat' dir='ltr'><strong>clauditur</strong></span> <span class='ocrx_word' id='word_1_399' title='bbox 1578 4487 1637 4552; x_wconf 90' lang='lat' dir='ltr'><strong>boc</strong></span> <span class='ocrx_word' id='word_1_400' title='bbox 1659 4486 1897 4568; x_wconf 79' lang='lat' dir='ltr'><strong>epigrammate:</strong></span> 
     </span>
    </p>

    <p class='ocr_par' dir='ltr' id='par_1_6' title="bbox 767 4603 1455 4931">
     <span class='ocr_line' id='line_1_34' title="bbox 767 4603 1451 4691; baseline -0.003 -23"><span class='ocrx_word' id='word_1_401' title='bbox 767 4605 883 4691; x_wconf 75' lang='grc' dir='ltr'><em>ἱστορίη</em></span> <span class='ocrx_word' id='word_1_402' title='bbox 905 4605 1053 4689; x_wconf 84' lang='grc' dir='ltr'><em>Ἀριανοὶο</em></span> <span class='ocrx_word' id='word_1_403' title='bbox 1072 4603 1226 4690; x_wconf 70' lang='grc' dir='ltr'><em>χαρίεσσα</em></span> <span class='ocrx_word' id='word_1_404' title='bbox 1249 4603 1329 4687; x_wconf 79' lang='grc' dir='ltr'><em>λάβε</em></span> <span class='ocrx_word' id='word_1_405' title='bbox 1352 4603 1451 4690; x_wconf 79' lang='grc' dir='ltr'><em>τέρμα</em></span> 
     </span>
     <span class='ocr_line' id='line_1_35' title="bbox 767 4723 1455 4811; baseline -0.003 -21"><span class='ocrx_word' id='word_1_406' title='bbox 767 4727 900 4811; x_wconf 78' lang='grc' dir='ltr'><em>πραξίας</em></span> <span class='ocrx_word' id='word_1_407' title='bbox 922 4727 1040 4790; x_wconf 85' lang='grc' dir='ltr'><em>διίαῦαα</em></span> <span class='ocrx_word' id='word_1_408' title='bbox 1062 4723 1274 4809; x_wconf 78' lang='grc' dir='ltr'><em>Ἀλεξάνδροιο</em></span> <span class='ocrx_word' id='word_1_409' title='bbox 1294 4723 1455 4810; x_wconf 75' lang='grc' dir='ltr'><em>μεγίστας.</em></span> 
     </span>
     <span class='ocr_line' id='line_1_36' title="bbox 768 4841 1446 4931; baseline -0.001 -24"><span class='ocrx_word' id='word_1_410' title='bbox 768 4846 812 4920; x_wconf 83' lang='grc' dir='ltr'><strong>ὡς</strong></span> <span class='ocrx_word' id='word_1_411' title='bbox 834 4844 871 4908; x_wconf 82' lang='grc' dir='ltr'><strong>δὲ</strong></span> <span class='ocrx_word' id='word_1_412' title='bbox 893 4845 941 4908; x_wconf 76' lang='grc' dir='ltr'><strong>καί</strong></span> <span class='ocrx_word' id='word_1_413' title='bbox 962 4845 1116 4929; x_wconf 71' lang='grc' dir='ltr'><em>ἱστορικῆς</em></span> <span class='ocrx_word' id='word_1_414' title='bbox 1138 4842 1359 4931; x_wconf 74' lang='grc' dir='ltr'><em>ἀρχαιολογίας</em></span> <span class='ocrx_word' id='word_1_415' title='bbox 1380 4841 1446 4906; x_wconf 80' lang='grc' dir='ltr'><strong>ὦδε</strong></span> 
     </span>
    </p>
   </div>
   <div class='ocr_carea' id='block_1_4' title="bbox 768 4953 1489 5050">
    <p class='ocr_par' dir='ltr' id='par_1_7' title="bbox 768 4953 1489 5050">
     <span class='ocr_line' id='line_1_37' title="bbox 768 4953 1489 5050; baseline 0 -26"><span class='ocrx_word' id='word_1_416' title='bbox 768 4962 908 5050; x_wconf 71' lang='grc' dir='ltr'><em>τυηοίνει</em></span> <span class='ocrx_word' id='word_1_417' title='bbox 930 4962 1039 5046; x_wconf 81' lang='grc' dir='ltr'><em>πέρας,</em></span> <span class='ocrx_word' id='word_1_418' title='bbox 1063 4961 1100 5047; x_wconf 72' lang='grc' dir='ltr'><strong>ἣν</strong></span> <span class='ocrx_word' id='word_1_419' title='bbox 1122 4957 1308 5048; x_wconf 74' lang='grc' dir='ltr'><em>Σικελιώτης</em></span> <span class='ocrx_word' id='word_1_420' title='bbox 1330 4953 1489 5047; x_wconf 73' lang='grc' dir='ltr'><em>Διόδωρος</em></span> 
     </span>
    </p>
   </div>
   <div class='ocr_carea' id='block_1_5' title="bbox 767 5078 1534 5169">
    <p class='ocr_par' dir='ltr' id='par_1_8' title="bbox 767 5078 1534 5169">
     <span class='ocr_line' id='line_1_38' title="bbox 767 5078 1534 5169; baseline 0 -27"><span class='ocrx_word' id='word_1_421' title='bbox 767 5081 866 5164; x_wconf 79' lang='grc' dir='ltr'><em>κάρτα</em></span> <span class='ocrx_word' id='word_1_422' title='bbox 889 5079 1046 5169; x_wconf 70' lang='grc' dir='ltr'><em>πονήσατο</em></span> <span class='ocrx_word' id='word_1_423' title='bbox 1069 5079 1238 5165; x_wconf 79' lang='grc' dir='ltr'><em>φιλοτίμως</em></span> <span class='ocrx_word' id='word_1_424' title='bbox 1259 5078 1441 5166; x_wconf 83' lang='grc' dir='ltr'><em>παραίνεσιν</em></span> <span class='ocrx_word' id='word_1_425' title='bbox 1461 5080 1534 5166; x_wconf 80' lang='grc' dir='ltr'><em>βίῳ.</em></span> 
     </span>
    </p>
   </div>
   <div class='ocr_carea' id='block_1_6' title="bbox 0 0 2248 5646">
    <p class='ocr_par' dir='ltr' id='par_1_9' title="bbox 0 0 2248 5646">
     <span class='ocr_line' id='line_1_39' title="bbox 0 0 2248 5646; baseline 0 1"><span class='ocrx_word' id='word_1_426' title='bbox 0 0 2248 5646; x_wconf 95' lang='lat' dir='ltr'><strong> </strong></span> 
     </span>
    </p>
   </div>
  </div>
 </body>
</html>
