4410 5664
1168 556 1187 620 8

383 761 579 828 Bessarionis
619 761 786 827 cardinalis
827 761 859 826 in
896 759 1086 828 bibliotheca
1118 758 1299 841 Marciana,
1335 761 1424 826 cuius
1455 759 1570 827 nnllam
1604 763 1645 828 ab
1679 763 1854 830 editoribus
1888 782 1974 829 meu·

387 882 505 947 tionem
543 881 655 946 lactum
694 900 763 946 esse
796 881 897 946 rideo.
952 881 1022 945 Non
1057 879 1126 945 dico
1158 898 1228 946 enm
1263 879 1398 946 nondam
1434 881 1580 948 collatum
1619 900 1711 961 esse;
1751 901 1854 965 neque
1891 884 1973 950 enim

384 1001 549 1082 qnisquam
574 983 697 1082 'accepit
734 1000 848 1080 quibus
876 998 964 1064 libris
991 995 1170 1080 Stephanus
1199 1002 1255 1062 aut
1285 998 1447 1064 Belkerns
1476 1018 1551 1065 osus
1577 1002 1629 1066 sit.
1681 1002 1739 1066 Est
1767 1010 1872 1069 autem
1903 1004 1973 1070 cod.

385 1117 597 1185 ccccxxlv
621 1119 651 1184 in
676 1119 715 1182 8⁰
737 1119 937 1194 chartaceus,
961 1116 1106 1182 loliorum
1131 1117 1209 1196 242,
1237 1115 1352 1182 saeculi
1382 1117 1507 1184 circiter
1532 1115 1609 1194 xv;
1631 1119 1687 1185 cir.
1717 1120 1894 1203 catalogum
1918 1123 1975 1188 Za·

385 1241 497 1319 nettii3
537 1237 728 1320 compositus
762 1244 811 1302 cst
842 1257 880 1303 ex
913 1237 1198 1320 quaternionibns;
1239 1237 1454 1319 undeuiginta
1489 1257 1600 1306 versus
1632 1241 1664 1305 in
1698 1260 1824 1324 quaque
1857 1243 1974 1326 pagina

385 1359 498 1442 scripti
519 1365 603 1424 sunt

540 1481 605 1544 Iaru
634 1497 710 1545 vero
732 1479 815 1562 quod
841 1479 996 1544 contendo
1019 1479 1075 1543 bos
1097 1478 1235 1559 quinque
1257 1479 1379 1544 codices
1401 1499 1438 1546 ex
1461 1479 1513 1544 illo
1537 1478 1770 1547 vindobonensi
1794 1479 1974 1547 libonotus

386 1617 456 1664 ease
478 1598 671 1679 argumentis
693 1599 788 1663 certis
811 1598 1014 1664 evincendum
1038 1604 1095 1662 est.
1141 1600 1186 1662 Ac
1207 1598 1308 1679 primo
1330 1598 1480 1679 adspectu
1503 1607 1635 1682 apparet
1656 1601 1780 1666 cedices
1804 1599 1889 1666 ann
1909 1619 1975 1667 sac·

386 1719 512 1800 pissime
535 1737 603 1784 esse
626 1719 818 1794 coniunctos
841 1719 1089 1798 quotiescunque
1113 1715 1325 1800 discrepantes
1349 1717 1498 1782 lectiones
1521 1719 1603 1800 apud
1622 1717 1816 1784 iliodorlium
1839 1738 1975 1784 comme-

387 1845 559 1901 morantur.
605 1837 719 1918 Agitur
740 1843 846 1900 antem
869 1836 900 1900 iu
924 1835 1033 1918 primis
1056 1836 1095 1901 de
1125 1835 1204 1901 libro
1231 1834 1275 1911 A,
1303 1853 1372 1902 cum
1402 1836 1526 1902 codices
1555 1855 1624 1903 cum
1654 1837 1680 1902 Ε
1710 1845 1776 1902 tum
1807 1837 1852 1918 0,
1882 1839 1973 1905 cuins

386 1975 448 2023 uon
483 1957 528 2020 ita
559 1955 697 2037 amplum
732 1955 886 2034 specimen
915 1952 1122 2034 Wesscliugio
1152 1953 1422 2020 subministratum
1453 1961 1536 2032 erat,
1569 1956 1700 2021 multum
1732 1955 1865 2038 neglecti
1893 1958 1972 2038 sint3

387 2094 488 2157 neque
510 2065 675 2160 qnisquam
698 2072 881 2156 intellegere
902 2075 1012 2156 nequit
1048 2072 1207 2151 lectiones,
1233 2074 1368 2157 quaein
1392 2074 1497 2138 codice
1528 2077 1551 2138 A
1581 2075 1797 2148 inveniuntur,
1827 2093 1972 2157 magnam

387 2194 622 2261 similitudmem
645 2195 761 2260 habere
784 2212 853 2260 cnm
876 2194 983 2260 codice
1007 2194 1043 2266 l),
1065 2211 1253 2275 quamquam
1276 2193 1358 2273 qnod
1382 2193 1474 2258 huius
1498 2195 1635 2258 varietas
1656 2192 1824 2260 lectionum
1848 2197 1972 2276 integra

387 2335 447 2381 uon
471 2314 594 2397 cognita
617 2319 667 2378 est
694 2311 908 2378 difficultatem
940 2313 1095 2393 quandam
1119 2312 1184 2376 neri
1208 2311 1333 2376 videndi
1354 2312 1469 2394 cupido
1492 2313 1592 2377 affert.
1635 2311 1684 2377 Ita
1711 2331 1842 2395 prorsus
1864 2313 1972 2380 existi-

386 2437 482 2501 mavit
506 2431 695 2508 Dindorfins,
718 2431 773 2512 qni
796 2431 900 2497 verbis
923 2431 1109 2514 quibusdam
1138 2432 1167 2493 in
1197 2431 1265 2496 cod.
1297 2431 1469 2497 Demissis
1492 2432 1568 2498 haec
1591 2433 1760 2514 adscripsit
1782 2453 1810 2515 p.
1835 2433 1886 2512 37,
1910 2432 1970 2498 60:

384 2550 477 2634 ‘quae
500 2551 612 2618 mirum
636 2552 663 2616 si
684 2557 788 2616 servet
810 2547 858 2613 A’.
906 2550 987 2616 Huic
1011 2549 1141 2614 similem
1163 2550 1384 2634 geminumque
1407 2571 1475 2618 esse
1502 2552 1606 2618 indico
1636 2551 1721 2618 illum
1749 2554 1887 2618 codicem
1912 2551 1971 2619 Ve-

386 2679 509 2749 netum,
538 2690 629 2753 quem
658 2670 750 2735 liceat
778 2668 953 2751 significare
980 2670 1087 2734 littera
1119 2667 1193 2743 V¹lz
1221 2687 1290 2734 curu
1321 2671 1351 2734 in
1380 2669 1565 2736 lectionibus
1589 2678 1654 2736 tum
1679 2665 1709 2735 in
1733 2671 1853 2736 laconis
1875 2689 1972 2753 quau·

387 2801 454 2858 tum
478 2790 542 2856 lieri
566 2798 671 2874 potest
693 2792 900 2859 consentiunt.
935 2789 1013 2854 Nam
1030 2787 1177 2855 librarius
1201 2794 1237 2854 nt
1252 2795 1300 2854 est
1323 2789 1414 2855 bomo
1437 2797 1469 2854 et
1490 2791 1520 2854 iu
1544 2807 1667 2856 errores
1690 2790 1826 2856 incidere
1841 2799 1971 2874 atquae

387 2912 500 2977 vitiosa
522 2911 696 2977 arbitratus
723 2911 765 2975 sit
795 2911 898 2992 potnit
921 2909 1079 2974 voluntate
1102 2909 1277 2989 iudicioque
1300 2911 1463 2989 corrigere.
1511 2907 1676 2974 Nonnullis
1698 2909 1854 2992 capitibus
1877 2911 1971 2978 colla-

387 3033 429 3097 tis
451 3031 548 3097 aliero
570 3031 690 3113 aliquot
712 3031 795 3096 locos
819 3047 933 3111 eosque
957 3028 1162 3110 potissimum¹
1187 3028 1301 3109 quibus
1324 3025 1503 3091 Dindorlius
1531 3046 1625 3092 uuum
1649 3027 1788 3094 codicem
1811 3030 1837 3092 A
1860 3028 1971 3095 landa-

389 3151 443 3228 vit‚
467 3152 575 3216 eodem
598 3150 716 3216 citandi
739 3149 830 3214 ruodo
851 3167 914 3230 quo
938 3146 1116 3214 Dindurfins
1140 3165 1215 3212 usus
1238 3151 1288 3210 est
1308 3151 1435 3212 secutus
1466 3147 1540 3212 edit.
1564 3145 1861 3229 Wesseliugiauam,
1888 3168 1970 3231 qnae

389 3271 465 3335 milri
488 3288 564 3352 prae
587 3289 681 3334 mann
704 3287 765 3333 uon
789 3275 846 3334 est.
891 3265 1066 3346 Persequor
1088 3272 1193 3332 autem
1216 3283 1296 3346 qnae
1319 3266 1383 3330 iors
1406 3266 1564 3332 obtulerat
1586 3267 1706 3348 cupita,
1733 3287 1771 3332 ue
1792 3279 1905 3333 auctor
1927 3269 1971 3332 vi·

389 3388 465 3454 dean
487 3388 692 3455 adumbratae
715 3387 877 3471 opinionis.

497 3529 527 3591 p.
544 3509 595 3589 33,
611 3509 654 3574 80
675 3508 849 3586 συνοικίσαι]
873 3525 932 3574 om.
958 3505 1024 3572 AV.

542 3628 594 3706 34,
610 3627 651 3692 43
674 3625 921 3712 φιλοτιμότερον]
945 3623 1188 3709 φιλυτιμώτερον
1211 3623 1276 3688 AV.

544 3747 595 3826 35,
612 3747 652 3810 69
675 3747 837 3832 ἀνατολὴν]
862 3744 1042 3832 ἀνατολικὴν
1065 3741 1131 3807 AV.

543 3865 593 3942 36,
611 3867 653 3930 99
676 3867 741 3952 τὴν]
765 3885 825 3935 om.
849 3864 916 3931 AV.

543 3984 627 4064 36,1
650 3986 689 4048 τὰ
711 3987 793 4068 περὶ]
818 4005 877 4051 orn.
902 3985 967 4051 AV.

544 4104 630 4178 36st
655 4103 768 4190 Συρίᾳ]
792 4123 851 4168 om.
877 4101 973 4170 ANV.

543 4221 594 4302 37,
610 4225 651 4288 47
675 4225 729 4308 τὴν
751 4221 880 4311 Αιβύην]
903 4223 958 4308 τὴν
980 4240 1040 4288 om.
1063 4219 1131 4285 AV.

544 4341 595 4420 37,
612 4343 654 4407 50
676 4340 859 4428 περιείληφε
889 4341 924 4404 δὲ
954 4343 1001 4403 ιο]
1029 4343 1142 4428 νήσους
1170 4337 1205 4402 ὲν
1234 4340 1321 4425 αὑτῷ
1349 4339 1428 4402 κατὰ
1455 4339 1512 4422 μὲν
1542 4339 1597 4425 τὴν
1629 4339 1787 4404 elidicatas
1815 4338 1909 4414 ἄλλος
1937 4362 1971 4402 τε

376 4459 515 4535 aricinae
537 4462 586 4526 xci
606 4461 681 4544 pino
704 4461 859 4548 εὐμεγέθη
884 4461 936 4547 τὴν
959 4461 1191 4547 ὀνομαζομένην
1215 4457 1353 4546 Μερόην,
1377 4459 1396 4544 ἢ
1425 4457 1518 4522 εἴκοσι
1547 4459 1597 4522 καὶ
1625 4458 1712 4523 δυοῖν
1742 4460 1878 4524 σταδίων
1908 4457 1970 4524 ἐστὶ

390 4580 425 4644 τυ
449 4582 576 4662 πλάτος]
601 4583 631 4648 in
654 4582 768 4649 ceteris
789 4583 899 4649 addita
921 4600 981 4648 om.
1006 4578 1128 4646 ADEV.

543 4703 594 4784 37,
611 4703 652 4766 63
672 4701 803 4786 μέρους]
827 4719 887 4766 om.
912 4701 977 4768 AV.

544 4821 596 4902 38,
612 4823 653 4888 99
677 4819 763 4900 cirac]
787 4839 847 4888 om.
872 4821 937 4886 AV.

394 4941 594 4954 ——u—

547 4993 569 5060 ¹)
586 4991 611 5046 V
630 4990 699 5046 dixit
715 4987 870 5045 Diodorlius
889 4988 1048 5057 varietates,
1072 5003 1139 5060 quas
1156 5003 1258 5057 paucas
1275 5003 1309 5042 ex
1327 4987 1396 5043 libro
1414 4987 1550 5056 mcoguito
1569 4988 1603 5043 ab
1620 4987 1716 5043 Fulvio
1734 4987 1832 5044 Ursino
1851 4985 1891 5042 ed.
1911 4986 1969 5042 Ste-

396 5076 551 5146 phasianae
568 5076 733 5146 marginibus
751 5075 841 5132 ollitas
859 5075 945 5132 Βοωι
962 5075 1068 5145 accepit
1085 5073 1298 5144 wasseiupius3
1314 5089 1338 5130 r.
1357 5073 1442 5142 praet.
1461 5073 1493 5130 V.
