4410 5664
992 565 1030 626 17

224 771 376 857 disposita
400 777 475 840 sunt
498 789 536 838 ac
551 768 711 838 collocata.
756 765 824 834 Hoc
845 784 882 832 so
903 765 1057 840 firmator,
1078 763 1162 847 quod
1185 761 1399 846 suppleturum
1422 759 1565 828 loliorum
1585 761 1726 826 variatur
1747 777 1801 826 nu·

223 911 329 960 merus
356 909 518 968 ramnum,
551 908 622 958 oum
656 906 737 971 qnae
772 904 866 952 mann
897 887 1002 969 priora
1037 885 1231 966 conscriptae
1266 887 1340 947 sunl
1370 879 1503 964 paginae
1533 879 1662 962 triginta
1692 896 1802 944 versus

223 1017 402 1078 constanter
425 1010 621 1083 contineant3
650 1004 812 1072 numeravi
840 1021 949 1070 versus
972 1003 1023 1070 30.
1046 1003 1097 1070 30.
1121 1003 1172 1067 25.
1195 1001 1246 1067 25.
1270 999 1320 1064 23.
1344 998 1396 1064 30.
1419 999 1460 1062 29
1483 1005 1541 1065 etc.
1571 995 1803 1063 Grammaticus

223 1131 314 1212 enim,
336 1131 386 1198 oui
409 1129 539 1198 totidem
562 1128 636 1194 lolia
657 1125 854 1194 inscribenda
875 1126 1011 1204 luerunt,
1034 1143 1105 1191 curn
1128 1127 1270 1188 uteretur
1292 1118 1513 1184 minutioribus
1535 1116 1667 1196 litteris,
1695 1115 1727 1180 in
1751 1133 1802 1197 pa·

221 1250 296 1331 gina
318 1250 452 1316 lucanos
475 1265 584 1314 versus
605 1263 667 1312 non
685 1261 811 1328 operam
834 1245 960 1312 navavit
982 1248 1017 1309 ut
1039 1241 1259 1310 conscriberet

376 1367 487 1449 Neque
514 1366 772 1432 dissimulaverim
800 1364 936 1448 aliquam
966 1362 1026 1428 vim
1054 1359 1153 1426 codici
1182 1357 1380 1424 tribuendam
1407 1375 1493 1436 asse,
1523 1361 1690 1438 propterea
1718 1352 1802 1437 quod

225 1489 339 1570 ubique
376 1488 407 1553 in
448 1488 587 1568 margine
626 1491 812 1566 argumenta
852 1483 989 1550 breviter
1022 1479 1171 1546 adnotata
1203 1483 1288 1542 sunt.
1343 1476 1430 1556 Quae
1465 1477 1495 1540 in
1530 1492 1652 1542 summa
1688 1473 1803 1556 pagina

222 1606 423 1672 inveniuntur
444 1623 543 1688 paena
565 1605 756 1672 concordant
777 1621 846 1671 cum
870 1601 981 1680 indice,
1004 1601 1057 1682 qui
1081 1601 1182 1680 primo
1204 1603 1333 1678 excepto
1355 1595 1495 1676 singulos
1518 1593 1615 1660 libros
1630 1592 1801 1674 praecedit.

222 1725 333 1809 Itaque
355 1725 445 1807 copia
466 1725 620 1806 quaedam
642 1722 844 1806 suppeditata
866 1721 955 1786 nohis
970 1727 1018 1786 est
1034 1716 1164 1785 eruendi
1186 1718 1256 1800 qnia
1276 1716 1369 1781 index
1388 1714 1485 1781 inerit
1498 1713 1592 1796 primi
1608 1710 1689 1778 libri.
1714 1712 1803 1791 Quae

222 1863 273 1912 res
302 1851 405 1912 tamen
436 1841 675 1912 difficultatibus
705 1842 867 1908 obstructa
901 1845 965 1921 est3
994 1838 1129 1920 primurn
1158 1835 1243 1919 quod
1272 1835 1404 1918 margini
1427 1835 1526 1900 multa
1554 1833 1616 1899 alia
1642 1832 1803 1914 adscripta

221 1971 310 2042 sunt,
345 1982 426 2046 quaa
460 1970 497 2028 ut
529 1960 735 2044 expungenda
771 1978 830 2025 non
864 1957 985 2024 iacilem
1023 1957 1160 2024 habeant
1194 1956 1418 2038 cognitionem
1455 1953 1566 2021 deinde
1595 1951 1669 2033 quia
1702 1949 1802 2016 altera

223 2101 334 2150 manus
356 2081 514 2162 interdum
544 2082 665 2148 destitit
694 2081 751 2148 has
781 2077 905 2146 notulas
932 2077 1130 2160 adspergere.
1180 2075 1266 2154 Quae
1295 2079 1405 2158 postea
1433 2075 1487 2140 alii
1514 2073 1691 2141 addiderint
1731 2091 1802 2155 pro-

222 2203 300 2271 clive
321 2209 371 2270 eat
391 2203 577 2285 perspicere.
622 2235 626 2240 ·

375 2319 433 2386 His
455 2321 559 2388 causis
582 2320 684 2388 allatis
706 2335 891 2402 persuasum
913 2319 1014 2386 habeo
1035 2317 1150 2384 librum
1173 2317 1201 2382 D
1223 2313 1413 2398 permultum
1437 2313 1540 2380 valere
1565 2315 1605 2380 ed
1628 2315 1800 2381 orationem

221 2449 397 2510 contextam
419 2442 651 2508 recensendam.
695 2440 753 2508 Vel
776 2437 956 2506 Dindorfius
978 2439 1008 2504 in
1032 2456 1070 2504 ea
1095 2436 1251 2502 sententia
1273 2443 1330 2512 est,
1360 2441 1397 2501 ιιι
1425 2435 1597 2502 ostenderit
1624 2434 1699 2501 adit
1728 2436 1801 2502 min.

224 2561 322 2644 prasi.
344 2581 374 2644 p.
391 2561 450 2628 IV:
466 2558 577 2643 ‘atque
591 2560 732 2628 codicum
747 2559 873 2642 quidem
889 2603 896 2622 .
913 2605 921 2622 .
937 2559 1107 2641 primorum
1129 2556 1267 2638 quinqua
1289 2554 1441 2622 librorum
1464 2601 1471 2618 .
1496 2601 1504 2618 .
1527 2601 1536 2619 .
1559 2555 1618 2620 etsi
1634 2553 1738 2621 nullus
1753 2561 1802 2620 eat

225 2681 305 2760 talis,
328 2681 382 2762 qui
404 2685 578 2747 ceterorum
601 2677 702 2761 possit
721 2679 923 2762 archetypum
946 2678 1065 2756 haberi,
1087 2695 1157 2744 oum
1179 2675 1290 2758 optimi
1318 2693 1413 2759 saepe
1440 2675 1505 2740 sint
1533 2693 1571 2740 ex
1593 2673 1801 2740 deterioribus

223 2797 389 2880 supplendi
411 2805 444 2864 et
466 2796 652 2882 corrigandi,
676 2804 712 2864 ut
734 2798 766 2864 hi
788 2797 924 2864 vicissim
947 2817 985 2863 ex
1006 2794 1077 2876 illis,
1100 2803 1203 2862 tamen
1230 2795 1403 2878 primorum
1432 2794 1570 2880 quinque
1598 2795 1803 2878 praestantis·

222 2919 320 2983 simus
343 2915 594 2984 vindobonensis
616 2935 646 2982 n.
663 2917 731 2982 79.
756 2965 763 2980 .
788 2963 796 2981 .
826 2916 1004 2984 accuratius
1033 2931 1127 2996 quam
1153 2919 1248 2980 antea
1276 2912 1410 2980 feceram
1439 2929 1606 2995 expressus
1633 2912 1801 2980 multorum

222 3037 360 3104 locorum
384 3056 480 3104 nouas
501 3037 714 3121 suppeditavit
736 3033 993 3103 emendationes'
1038 3034 1099 3114 Qui
1122 3034 1205 3102 hunc
1231 3032 1346 3101 librum
1375 3033 1611 3117 conscripserit,
1638 3051 1711 3098 anm
1740 3052 1801 3100 non
1923 3095 1925 3102 .

223 3159 268 3224 ita
289 3175 433 3240 maguam
455 3157 604 3226 habuisse
627 3156 788 3224 scientiam
810 3156 935 3238 linguae
964 3155 1104 3222 Graecae
1130 3173 1200 3222 cnm
1223 3155 1337 3222 menda
1358 3155 1472 3220 docent
1501 3161 1567 3220 tum
1595 3155 1679 3237 qnod
1708 3171 1803 3238 saepe

221 3291 352 3342 numero
374 3276 436 3341 duo
458 3275 609 3341 vocabula
630 3275 662 3339 in
686 3292 781 3342 unum
804 3281 966 3342 contracta
988 3274 1205 3358 reperiuntnr;
1232 3293 1420 3358 quamquam
1448 3274 1481 3340 id
1511 3273 1617 3358 aliqua
1645 3292 1683 3341 ar
1711 3277 1802 3357 parte

222 3393 263 3458 ad
285 3393 421 3460 fructum
444 3400 585 3460 nostrum
600 3393 764 3461 redundat.
815 3392 933 3461 Vereor
955 3401 1060 3460 autem
1085 3394 1331 3462 vindobonensis
1353 3401 1498 3478 respectu
1520 3393 1629 3460 habito
1651 3400 1686 3460 ιιι
1708 3411 1801 3474 qnam

220 3514 372 3580 rationem
394 3511 550 3580 scribendi
571 3511 752 3580 Diudortins
779 3521 906 3580 secutus
928 3521 978 3580 est
999 3533 1055 3596 per
1077 3515 1243 3581 editionem
1265 3514 1417 3580 minorem
1440 3533 1563 3596 semper
1584 3513 1711 3596 probari
1732 3529 1804 3594 pos-

220 3635 279 3712 sit;
301 3642 396 3718 atque
418 3635 512 3700 etiam
534 3634 612 3700 ordo
634 3632 800 3700 verborum
823 3635 948 3715 saepius
970 3634 1170 3700 invertendus
1193 3641 1250 3700 est
1300 3634 1390 3713 Quod
1412 3634 1440 3698 si
1468 3633 1646 3715 quaerimus
1673 3650 1730 3700 eur
1751 3649 1802 3698 oo·

221 3755 299 3822 dicis
320 3753 349 3818 D
371 3753 474 3820 adbuc
496 3754 600 3821 minus
622 3771 723 3834 aequo
744 3755 826 3820 ratio
855 3754 1036 3832 habitauit,
1058 3773 1132 3820 casn
1154 3755 1304 3822 accidisse
1326 3753 1552 3838 cognoscimus.
1596 3752 1706 3835 Neque
1734 3751 1802 3819 Ste-

221 3871 345 3954 phanus
367 3891 469 3956 nequa
491 3872 716 3954 wesselingius
744 3871 812 3938 sius
842 3872 985 3939 notitiam
1015 3879 1185 3939 tenuerunt
1213 3881 1245 3940 et
1278 3871 1468 3939 auctoritate
1497 3891 1534 3938 ac
1561 3868 1623 3938 tide
1650 3868 1801 3952 Stephani

84 4023 88 4034 ·
220 4011 328 4060 omnes
350 3995 405 4074 qni
427 3991 595 4060 ediderunt
617 3993 835 4062 bibliothecam
857 3993 987 4061 Diodori
1010 3995 1157 4060 commoti
1180 3998 1255 4059 sunt
1282 3998 1319 4060 ut
1344 4010 1379 4058 ss
1406 3992 1447 4057 ad
1477 3991 1599 4058 codices
1621 3989 1801 4056 Olaromon·

221 4121 311 4180 tanos
333 4115 358 4178 p
380 4119 413 4178 et
434 4112 464 4180 G
485 4113 516 4178 in
539 4114 647 4193 primis
668 4113 947 4182 accommodarent
985 4111 1063 4179 (lum
1086 4113 1183 4178 codex
1205 4113 1241 4188 F,
1264 4113 1317 4192 qni
1339 4110 1465 4178 circiter
1487 4109 1602 4176 saeculi
1626 4107 1799 4176 duodecimi

221 4229 313 4298 linem
336 4234 472 4316 scriptus
495 4251 564 4301 esse
589 4234 705 4309 fertur,
733 4241 837 4300 aetate
860 4231 1131 4300 vindobonensem
1154 4229 1183 4294 D
1205 4230 1377 4314 adaequat,
1406 4229 1439 4294 id
1468 4226 1663 4311 potissimum
1685 4227 1799 4310 agitur,

222 4349 286 4416 utri
307 4351 427 4432 priores
448 4359 554 4434 partes
575 4351 762 4419 deferendae
784 4353 857 4432 sint
880 4352 1027 4434 quoniam
1050 4351 1111 4416 nisi
1131 4349 1190 4416 hoo
1218 4351 1299 4416 nodo
1326 4345 1471 4429 expedito
1499 4351 1586 4414 carta
1615 4347 1695 4412 ratio
1725 4345 1797 4412 Dio·

220 4469 290 4536 dori
312 4467 425 4538 &audi
446 4469 580 4538 inveniri
603 4491 663 4540 non
685 4479 798 4556 potest.

374 4709 424 4776 hd
445 4709 568 4790 reliqm
588 4727 693 4792 pergo.
727 4710 798 4778 Vidi
820 4711 852 4776 in
875 4710 1062 4778 bibliotheca
1084 4711 1244 4778 Marciana
1265 4709 1411 4788 codicem,
1432 4725 1525 4789 quam
1547 4702 1727 4773 Dindorfins
1750 4705 1799 4772 lit·

220 4834 291 4894 tora
311 4827 346 4892 hi
366 4827 547 4914 insignivit,
571 4827 726 4898 Venatum
749 4831 1023 4899 Dominioanornm
1046 4827 1079 4895 S.
1103 4830 1231 4899 Ioannis
1253 4835 1285 4896 et
1299 4827 1411 4908 Paulli,
1433 4845 1527 4893 maun
1543 4825 1688 4892 Caesaris
1711 4825 1799 4892 Stra-

219 4947 285 5029 tagi
307 4949 458 5032 scriptum
481 4947 608 5016 saeculo
629 4951 739 5034 quinto
762 4950 896 5033 decimo,
919 4951 1008 5018 cuins
1029 4951 1215 5018 inuestem
1236 4948 1306 5018 libr.
1329 4945 1423 5015 1-v
1445 4943 1652 5029 Wessehngio
1674 4944 1798 5028 expedi·

221 5066 267 5132 rit
296 5065 420 5134 lilasius
449 5065 666 5152 Carpophilns.
716 5067 879 5136 Invenitur
908 5075 1012 5136 antem
1042 5069 1075 5136 in
1104 5068 1209 5136 codice
1235 5063 1499 5150 supplementario
1529 5063 1620 5222 cloga.
1646 5061 1706 5130 vu
1729 5063 1797 5131 cod.
