4410 5664
1002 561 1040 624 15

231 787 287 835 nes
316 787 425 851 parum
455 767 565 850 plenae
592 773 666 834 sunt
696 785 752 834 nec
779 765 903 832 ratione
931 762 1036 830 stabili
1062 761 1214 842 firmeque
1242 769 1419 843 congestae.
1464 761 1603 841 Quarum
1631 762 1813 846 priusquam

231 888 387 954 contentio
407 887 492 953 iacta
514 893 571 965 est,
595 884 653 950 etsi
676 885 819 968 quaestio
841 885 881 949 ad
903 885 1019 951 exitonr
1043 883 1155 949 adduci
1179 901 1240 949 non
1257 889 1369 962 potest,
1392 888 1495 948 lamen
1519 899 1602 947 nunc
1631 881 1724 948 aliter
1748 901 1812 948 rein

231 1007 449 1072 administrare
472 1005 646 1088 prohibitus
668 1022 747 1068 snm.
784 1001 835 1069 Ita
856 1003 965 1084 collegi
988 1003 1091 1068 varias
1113 1001 1271 1081 lectiones,
1294 1020 1373 1085 quas
1395 1001 1661 1084 comprehendunt
1682 1003 1813 1084 paginae

230 1124 439 1208 qnadraginta
452 1145 471 1190 a
484 1143 552 1207 pag.
570 1123 589 1187 3
606 1140 705 1202 usqne
720 1119 761 1186 ad
778 1141 848 1204 pag.
864 1123 921 1201 42;
937 1129 1011 1188 sunt
1026 1127 1131 1187 antem
1147 1120 1271 1187 circiter
1286 1120 1417 1203 triginta
1433 1139 1488 1186 sex
1503 1121 1607 1201 capita
1623 1121 1715 1203 primi
1731 1119 1812 1185 libri.

231 1244 266 1310 ln
289 1244 338 1310 bis
360 1241 541 1309 Diodorfins
563 1243 699 1308 codicem
721 1241 748 1305 E
771 1241 831 1306 nisi
858 1239 938 1306 lorte
966 1259 1129 1322 perperam
1160 1241 1339 1323 computavi
1368 1241 1486 1308 centies
1514 1240 1702 1323 quadragies
1723 1241 1814 1323 quin·

230 1362 319 1446 quies
347 1361 456 1428 duvia
482 1367 577 1444 atque
603 1361 721 1426 centies
743 1359 849 1426 tricies
872 1360 989 1440 septies
1013 1358 1156 1443 equidem
1179 1379 1216 1426 cx
1239 1361 1345 1426 codice
1369 1362 1393 1426 V
1417 1361 1546 1426 εεαᾱειυ
1576 1361 1740 1425 lectionem
1762 1377 1814 1424 ex·

230 1483 340 1563 serpsi.
384 1480 472 1559 Quae
494 1477 533 1544 in'
549 1480 597 1544 his
625 1479 815 1544 dissentiunt
837 1477 920 1544 inter
942 1479 1039 1543 libros
1064 1476 1089 1542 V
1113 1485 1145 1543 et
1167 1479 1193 1544 Ε
1215 1479 1294 1546 baec
1315 1487 1402 1546 sunt:

384 1601 413 1678 9,
430 1600 468 1663 41
494 1597 720 1686 προκειμέναις]
745 1595 977 1683 προςιιειμέναις
1000 1599 1036 1676 Ε,
1062 1597 1277 1680 προκειμέναις
1300 1598 1336 1663 V.

386 1719 436 1797 13,
453 1719 492 1782 77
517 1717 769 1804 ζωογονηθέντα]
793 1716 999 1799 ζωογαφέντα
1022 1717 1059 1795 Ε,
1082 1715 1321 1804 ζωογονηθέντα
1347 1719 1383 1782 V.

383 1838 434 1916 20,
451 1838 494 1903 20
516 1840 671 1925 νευρίνην]
696 1839 838 1924 νευρινην
861 1835 985 1913 anull,
1010 1834 1150 1920 νευρίνην
1173 1834 1212 1900 V.

382 1959 433 2037 22,
449 1959 490 2024 99
512 1957 688 2040 στρατείαν]
705 1955 851 2042 οτρατίαν
867 1956 904 2033 Ε,
927 1955 1073 2041 στρατιάν
1089 1952 1161 2030 nv;
1184 1956 1239 2022 cir.
1255 1955 1307 2034 23,
1322 1957 1374 2035 50,
1398 1955 1452 2022 nbi
1467 1976 1525 2040 pro
1538 1959 1705 2039 στρατείας
1726 1957 1812 2024 inest

227 2077 260 2143 in
282 2074 369 2141 DEV
392 2082 547 2160 στρατιᾶς.

381 2197 468 2279 28,9
491 2197 719 2285 ἐμπεπλῆσθαι]
743 2193 1008 2282 ἐμπεπίηρῶσθαι
1030 2195 1068 2276 Ε,
1089 2193 1303 2281 ἐμπεπλῆσθαι
1327 2195 1392 2262 DV.

380 2316 432 2395 31,
451 2319 489 2383 16
513 2317 734 2400 τυπτομένους]
765 2315 976 2400 τυπουμένους
1010 2316 1037 2380 Ε
1067 2332 1238 2397 margoque
1267 2314 1311 2393 A,
1337 2315 1540 2399 πυπιυμίνους
1569 2314 1670 2396 ANV,
1706 2337 1813 2382 τυπτο-

225 2439 341 2524 μένους
364 2439 401 2504 D.
862 2501 866 2508 .

380 2559 431 2640 33,
447 2559 488 2625 82
509 2557 621 2643 μέσον]
643 2557 749 2641 μέσων
773 2555 868 2637 ΔΒΕ,
889 2555 988 2638 μέσον
1011 2554 1079 2620 DV.

384 2679 433 2756 11,
447 2677 478 2743 4.
495 2678 514 2742 5
537 2676 694 2762 γινόμενα]
718 2677 871 2761 γενόμενα
893 2676 996 2758 ΑΒΕ;
1015 2675 1123 2757 ignoro
1148 2679 1253 2739 utrum
1275 2699 1285 2736 ι
1305 2674 1412 2740 littera
1432 2693 1472 2740 an
1495 2697 1512 2738 ε
1533 2676 1651 2756 scripta
1667 2675 1711 2740 sit
1725 2675 1755 2740 in
1774 2673 1812 2738 V.

379 2797 457 2862 Eius
478 2797 602 2878 generis
625 2796 830 2862 differentium
854 2813 947 2877 qnam
969 2792 1157 2860 lenissimam
1180 2811 1250 2858 esse
1272 2812 1362 2860 nemo
1384 2812 1446 2860 non
1468 2794 1626 2860 concedet
1672 2794 1763 2874 Quod
1785 2795 1812 2859 si

227 2917 348 2984 codices
371 2917 399 2983 Ε
421 2923 453 2982 et
476 2916 504 2981 V
525 2934 625 2999 paene
647 2915 741 2980 iidern
764 2919 852 2991 sont,
881 2913 998 2978 lactum
1028 2929 1096 2977 esse
1125 2917 1230 2994 potest
1263 2917 1300 2978 ut
1326 2912 1423 2979 codex
1450 2912 1492 2990 Ε,
1520 2913 1574 2992 qni
1604 2911 1681 2978 viris
1710 2912 1810 2980 doctis

226 3037 360 3103 testibus
382 3041 487 3103 aetate
508 3033 665 3118 posterior
687 3039 745 3114 est,
768 3052 806 3098 ex
828 3030 949 3098 Veneto
972 3031 1182 3112 transcriptus
1205 3032 1257 3110 sit,
1287 3031 1370 3115 qnod
1401 3049 1461 3119 non
1489 3032 1544 3114 ite,
1564 3031 1655 3098 valde
1683 3049 1811 3098 necesse

226 3161 288 3234 est;
311 3154 460 3221 accidisse
482 3172 606 3236 quoqne
628 3159 733 3236 potest
761 3161 797 3218 ut
826 3157 958 3232 uterque
980 3171 1018 3217 ex
1041 3169 1103 3216 nno
1131 3150 1302 3233 eodemque
1332 3149 1439 3216 codice
1464 3148 1648 3215 manaverit
1700 3149 1737 3215 Id
1759 3169 1810 3216 ex·

225 3272 363 3355 quirenti
386 3273 463 3337 nibil
485 3272 654 3353 respondet
676 3272 735 3338 nisi
758 3271 880 3338 codices
902 3272 961 3353 ipsi
985 3271 1127 3351 inspecti.
1173 3269 1255 3335 Nnrn
1279 3269 1345 3334 cod.
1371 3269 1397 3332 Ε
1420 3287 1439 3332 a
1461 3267 1603 3350 pluribus
1618 3269 1808 3352 compositus

225 3392 268 3458 sit
289 3393 360 3474 quis
382 3392 460 3457 satis
483 3411 539 3472 pro
561 3397 648 3456 certo
670 3391 751 3456 scit?
793 3391 874 3456 Utnt
896 3397 955 3469 est,
978 3389 1176 3471 perspicuum
1204 3397 1253 3454 est
1279 3395 1464 3469 constetque
1493 3388 1629 3454 codicem
1661 3389 1748 3454 Eex
1769 3389 1808 3454 iis

223 3509 312 3579 libris
335 3528 416 3589 esse,
438 3508 494 3592 qui
516 3527 585 3574 cnrn
609 3509 689 3574 libro
713 3509 739 3574 D
762 3509 995 3591 propinquitate
1023 3515 1119 3589 atque
1149 3516 1262 3572 natura
1290 3508 1446 3572 coniuncti
1478 3508 1549 3572 sint.
1594 3504 1660 3572 illis
1683 3513 1808 3573 centnm

223 3631 434 3714 quadraginta
456 3627 595 3713 quinque
617 3627 693 3694 locis
716 3627 833 3694 mentio
856 3628 1010 3694 lactaest
1031 3626 1146 3693 codicis
1163 3627 1189 3692 l)
1205 3627 1343 3707 octogies
1365 3627 1477 3704 sexies,
1499 3625 1553 3705 qni
1576 3642 1725 3689 numerus
1739 3625 1808 3691 sine

224 3747 318 3815 dubio
341 3755 468 3826 crescet,
491 3767 561 3814 cnm
586 3749 683 3814 codex
706 3748 734 3812 Ι)
756 3746 848 3829 plene
871 3754 903 3813 et
925 3745 1063 3828 perlecto
1085 3746 1216 3813 collatus
1240 3747 1310 3812 erit
1349 3749 1393 3810 lle
1415 3743 1540 3826 quoties
1562 3747 1629 3811 cod.
1653 3745 1690 3824 D,
1714 3746 1807 3812 toties

222 3867 349 3934 circiter
370 3869 532 3964 memorati
555 3874 631 3934 snnt
653 3867 725 3933 libri
750 3865 804 3931 AB
826 3866 1019 3948 (septuagies
1048 3866 1170 3946 novies)
1192 3863 1224 3929 N
1247 3865 1397 3948 (octogies
1421 3865 1492 3945 bis).
1538 3865 1677 3930 Eandem
1700 3871 1806 3930 nutem

222 3985 456 4052 similitudinem
479 4006 536 4069 per
557 4003 664 4052 omnes
687 3993 792 4068 parles
815 3987 897 4050 inter
920 3985 977 4050 hos
1000 3984 1123 4050 codices
1147 3989 1179 4048 et
1202 3985 1378 4050 Parisinom
1400 3983 1426 4046 Ε
1456 3982 1650 4049 intercedere
1680 3989 1803 4048 conten·

221 4107 320 4174 derirn
343 4107 531 4191 comparatis
553 4107 670 4172 ultimis
692 4107 763 4173 libri
787 4105 915 4171 Diodori
938 4105 1038 4187 quinti
1061 4103 1183 4185 paginis
1206 4123 1225 4168 s
1247 4122 1278 4184 p.
1296 4101 1359 4166 386
1383 4121 1483 4185 usqne
1496 4102 1537 4166 ad
1554 4119 1581 4182 p.
1600 4101 1672 4165 399.
1709 4101 1805 4180 Quin·

221 4227 372 4311 quaginta
393 4234 512 4309 septem
535 4227 610 4294 locis
632 4229 748 4293 citetur
775 4243 930 4292 unacum
954 4225 1025 4290 Par.
1050 4223 1076 4288 Ε
1099 4221 1192 4287 Goisl.
1219 4225 1244 4287 A
1268 4221 1458 4304 quadragies
1473 4221 1647 4303 quinquies,
1672 4218 1803 4287 Vindob.

219 4345 458 4429 Nqnadragies
485 4353 612 4427 quater,
636 4343 768 4412 Vindob.
791 4344 820 4408 D
849 4345 955 4411 tricies
982 4343 1164 4424 quinquies,
1196 4341 1382 4408 Mutinensis
1412 4339 1440 4403 B
1470 4339 1563 4406 vicies
1592 4343 1717 4422 quater.
1762 4343 1804 4405 At

218 4483 298 4550 opus
320 4472 369 4532 est
390 4465 484 4531 etiam
506 4472 601 4548 atque
623 4465 717 4530 etiarn
741 4465 922 4546 praedicare
945 4463 983 4529 iis
1007 4463 1145 4528 numeris
1167 4461 1269 4528 adbuc
1284 4460 1360 4525 nibil
1376 4459 1436 4526 nisi
1451 4458 1689 4525 similitudinem
1705 4477 1803 4541 qnan-

218 4585 290 4651 danr
312 4581 501 4667 singularem
516 4582 639 4649 illorum
653 4582 805 4650 librorum
829 4603 868 4648 nr.
892 4601 934 4648 ss.
957 4579 1127 4656 illustrari3
1157 4598 1219 4662 quo
1248 4586 1353 4645 antem
1382 4580 1481 4660 gradu
1512 4576 1704 4659 cognationis
1733 4595 1803 4643 sese

217 4703 385 4786 attlngant,
407 4701 440 4768 id
463 4703 546 4784 quod
568 4703 785 4785 grauissimum
808 4708 866 4781 est
889 4701 979 4784 quasi
1002 4699 1082 4766 lortc
1104 4719 1142 4766 ac
1164 4699 1231 4764 sine
1254 4698 1370 4764 iudicio
1392 4715 1453 4763 non
1480 4693 1602 4762 deliniri
1630 4711 1732 4776 neque
1760 4695 1802 4760 ad

217 4821 369 4903 liquidnm
392 4821 548 4906 explorari
571 4827 684 4903 potest.

369 4939 462 5008 Libet
481 4949 587 5007 autern
615 4939 648 5008 in
675 4960 713 5007 ea
739 4941 972 5024 computatione
1000 4937 1162 5020 paulisper
1189 4937 1383 5003 commorari.
1433 4933 1565 5000 Praeter
1590 4933 1648 5000 lros
1677 4933 1800 5000 codices

215 5055 387 5124 ABDENV
409 5057 523 5143 prolati
546 5059 682 5126 suntab
704 5060 876 5127 editoribus
899 5060 959 5126 illis
978 5057 1056 5128 locis
1078 5053 1249 5121 Vaticanus
1272 5053 1297 5118 O
1319 5063 1355 5120 nt
1374 5054 1485 5138 opinor
1507 5051 1601 5118 vicies
1622 5051 1800 5136 quinquies,
