<?xml version="1.0" encoding="UTF-8"?>
<!DOCTYPE html PUBLIC "-//W3C//DTD XHTML 1.0 Transitional//EN"
    "http://www.w3.org/TR/xhtml1/DTD/xhtml1-transitional.dtd">
<html xmlns="http://www.w3.org/1999/xhtml" xml:lang="en" lang="en">
 <head>
  <title>
</title>
<meta http-equiv="Content-Type" content="text/html;charset=utf-8" />
  <meta name='ocr-system' content='tesseract 3.04.00' />
  <meta name='ocr-capabilities' content='ocr_page ocr_carea ocr_par ocr_line ocrx_word'/>
</head>
<body>
  <div class='ocr_page' id='page_1' title='image "./dealiquotlibris00schngoog_0023.png"; bbox 0 0 4410 5664; ppageno 0'>
   <div class='ocr_carea' id='block_1_1' title="bbox 1193 417 1232 480">
    <p class='ocr_par' dir='ltr' id='par_1_1' title="bbox 1193 417 1232 480">
     <span class='ocr_line' id='line_1_1' title="bbox 1193 417 1232 480; baseline -0.051 0"><span class='ocrx_word' id='word_1_1' title='bbox 1193 417 1232 480; x_wconf 87' lang='lat'><strong>16</strong></span> 
     </span>
    </p>
   </div>
   <div class='ocr_carea' id='block_1_2' title="bbox 421 616 2016 4994">
    <p class='ocr_par' dir='ltr' id='par_1_2' title="bbox 421 616 2016 2609">
     <span class='ocr_line' id='line_1_2' title="bbox 423 616 2016 704; baseline -0.003 -14"><span class='ocrx_word' id='word_1_2' title='bbox 423 622 690 690; x_wconf 69' lang='lat' dir='ltr'><strong>claromontanus</strong></span> <span class='ocrx_word' id='word_1_3' title='bbox 710 621 755 697; x_wconf 83' lang='lat' dir='ltr'><strong>c,</strong></span> <span class='ocrx_word' id='word_1_4' title='bbox 778 627 814 687; x_wconf 89' lang='lat' dir='ltr'><strong>ut</strong></span> <span class='ocrx_word' id='word_1_5' title='bbox 835 620 1098 704; x_wconf 76' lang='lat' dir='ltr'><strong>appellationibus</strong></span> <span class='ocrx_word' id='word_1_6' title='bbox 1118 617 1271 686; x_wconf 85' lang='lat' dir='ltr'><strong>Dindoriii</strong></span> <span class='ocrx_word' id='word_1_7' title='bbox 1293 625 1383 696; x_wconf 85' lang='lat' dir='ltr'><strong>utar,</strong></span> <span class='ocrx_word' id='word_1_8' title='bbox 1412 618 1519 684; x_wconf 83' lang='lat' dir='ltr'><strong>novies</strong></span> <span class='ocrx_word' id='word_1_9' title='bbox 1548 617 1669 696; x_wconf 87' lang='lat' dir='ltr'><strong>decies,</strong></span> <span class='ocrx_word' id='word_1_10' title='bbox 1699 616 1964 686; x_wconf 72' lang='lat' dir='ltr'><strong>claromontanus</strong></span> <span class='ocrx_word' id='word_1_11' title='bbox 1984 620 2016 685; x_wconf 81' lang='lat' dir='ltr'>F</span> 
     </span>
     <span class='ocr_line' id='line_1_3' title="bbox 422 737 2015 824; baseline 0.001 -17"><span class='ocrx_word' id='word_1_12' title='bbox 422 742 598 824; x_wconf 82' lang='lat' dir='ltr'><strong>quinquies.</strong></span> <span class='ocrx_word' id='word_1_13' title='bbox 623 741 741 807; x_wconf 85' lang='lat' dir='ltr'><strong>Horum</strong></span> <span class='ocrx_word' id='word_1_14' title='bbox 758 741 924 823; x_wconf 88' lang='lat' dir='ltr'><strong>utriusque</strong></span> <span class='ocrx_word' id='word_1_15' title='bbox 935 737 1169 806; x_wconf 72' lang='lat' dir='ltr'><strong>claromontani</strong></span> <span class='ocrx_word' id='word_1_16' title='bbox 1181 742 1379 818; x_wconf 88' lang='lat' dir='ltr'><strong>scripturam,</strong></span> <span class='ocrx_word' id='word_1_17' title='bbox 1395 757 1488 820; x_wconf 87' lang='lat' dir='ltr'><strong>quam</strong></span> <span class='ocrx_word' id='word_1_18' title='bbox 1501 738 1531 802; x_wconf 93' lang='lat' dir='ltr'><strong>in</strong></span> <span class='ocrx_word' id='word_1_19' title='bbox 1544 739 1652 820; x_wconf 90' lang='lat' dir='ltr'><strong>primis</strong></span> <span class='ocrx_word' id='word_1_20' title='bbox 1665 738 1845 820; x_wconf 86' lang='lat' dir='ltr'><strong>Stephanus</strong></span> <span class='ocrx_word' id='word_1_21' title='bbox 1855 741 2015 822; x_wconf 89' lang='lat' dir='ltr'><strong>approba·</strong></span> 
     </span>
     <span class='ocr_line' id='line_1_4' title="bbox 423 855 2014 942; baseline 0 -17"><span class='ocrx_word' id='word_1_22' title='bbox 423 860 479 938; x_wconf 79' lang='lat' dir='ltr'><strong>vil,</strong></span> <span class='ocrx_word' id='word_1_23' title='bbox 492 867 634 942; x_wconf 89' lang='lat' dir='ltr'><strong>apertum</strong></span> <span class='ocrx_word' id='word_1_24' title='bbox 644 857 681 924; x_wconf 87' lang='lat' dir='ltr'><strong>lit</strong></span> <span class='ocrx_word' id='word_1_25' title='bbox 694 859 827 924; x_wconf 80' lang='lat' dir='ltr'><strong>munitum</strong></span> <span class='ocrx_word' id='word_1_26' title='bbox 843 859 990 924; x_wconf 88' lang='lat' dir='ltr'><strong>recedere</strong></span> <span class='ocrx_word' id='word_1_27' title='bbox 1005 879 1025 923; x_wconf 91' lang='lat' dir='ltr'><strong>a</strong></span> <span class='ocrx_word' id='word_1_28' title='bbox 1039 859 1142 924; x_wconf 88' lang='lat' dir='ltr'><strong>verbis</strong></span> <span class='ocrx_word' id='word_1_29' title='bbox 1157 859 1299 923; x_wconf 90' lang='lat' dir='ltr'><strong>codicum</strong></span> <span class='ocrx_word' id='word_1_30' title='bbox 1316 855 1497 922; x_wconf 77' lang='lat' dir='ltr'><strong>ABDENV.</strong></span> <span class='ocrx_word' id='word_1_31' title='bbox 1519 858 1609 937; x_wconf 84' lang='lat' dir='ltr'><strong>Quod</strong></span> <span class='ocrx_word' id='word_1_32' title='bbox 1627 857 1655 922; x_wconf 89' lang='lat' dir='ltr'><strong>si</strong></span> <span class='ocrx_word' id='word_1_33' title='bbox 1670 877 1744 924; x_wconf 83' lang='lat' dir='ltr'><strong>uero</strong></span> <span class='ocrx_word' id='word_1_34' title='bbox 1756 861 1805 923; x_wconf 89' lang='lat' dir='ltr'><strong>vir</strong></span> <span class='ocrx_word' id='word_1_35' title='bbox 1816 859 1929 926; x_wconf 87' lang='lat' dir='ltr'><strong>doctus</strong></span> <span class='ocrx_word' id='word_1_36' title='bbox 1942 879 2014 925; x_wconf 88' lang='lat' dir='ltr'><strong>ora·</strong></span> 
     </span>
     <span class='ocr_line' id='line_1_5' title="bbox 423 976 2012 1059; baseline 0.001 -15"><span class='ocrx_word' id='word_1_37' title='bbox 423 979 539 1045; x_wconf 90' lang='lat' dir='ltr'><strong>tionem</strong></span> <span class='ocrx_word' id='word_1_38' title='bbox 551 998 589 1045; x_wconf 88' lang='lat' dir='ltr'><strong>ex</strong></span> <span class='ocrx_word' id='word_1_39' title='bbox 604 979 654 1044; x_wconf 89' lang='lat' dir='ltr'><strong>his</strong></span> <span class='ocrx_word' id='word_1_40' title='bbox 665 977 756 1044; x_wconf 89' lang='lat' dir='ltr'><strong>libris</strong></span> <span class='ocrx_word' id='word_1_41' title='bbox 766 977 979 1055; x_wconf 81' lang='lat' dir='ltr'><strong>conformavit,</strong></span> <span class='ocrx_word' id='word_1_42' title='bbox 992 994 1071 1058; x_wconf 90' lang='lat' dir='ltr'><strong>quas</strong></span> <span class='ocrx_word' id='word_1_43' title='bbox 1080 976 1230 1042; x_wconf 88' lang='lat' dir='ltr'><strong>lectiones</strong></span> <span class='ocrx_word' id='word_1_44' title='bbox 1242 977 1273 1040; x_wconf 91' lang='lat' dir='ltr'><strong>in</strong></span> <span class='ocrx_word' id='word_1_45' title='bbox 1290 977 1428 1058; x_wconf 86' lang='lat' dir='ltr'><strong>margine</strong></span> <span class='ocrx_word' id='word_1_46' title='bbox 1439 976 1555 1057; x_wconf 79' lang='lat' dir='ltr'><strong>posuit,</strong></span> <span class='ocrx_word' id='word_1_47' title='bbox 1565 995 1657 1059; x_wconf 89' lang='lat' dir='ltr'><strong>quem</strong></span> <span class='ocrx_word' id='word_1_48' title='bbox 1671 977 1851 1044; x_wconf 86' lang='lat' dir='ltr'><strong>Dindorfius</strong></span> <span class='ocrx_word' id='word_1_49' title='bbox 1861 979 1891 1058; x_wconf 85' lang='lat' dir='ltr'>Q</span> <span class='ocrx_word' id='word_1_50' title='bbox 1901 978 2012 1046; x_wconf 86' lang='lat' dir='ltr'><strong>littera</strong></span> 
     </span>
     <span class='ocr_line' id='line_1_6' title="bbox 424 1095 2014 1180; baseline -0.001 -15"><span class='ocrx_word' id='word_1_51' title='bbox 424 1097 621 1180; x_wconf 79' lang='lat' dir='ltr'><strong>significauit,</strong></span> <span class='ocrx_word' id='word_1_52' title='bbox 644 1114 752 1162; x_wconf 90' lang='lat' dir='ltr'><strong>omnes</strong></span> <span class='ocrx_word' id='word_1_53' title='bbox 772 1096 838 1162; x_wconf 84' lang='lat' dir='ltr'><strong>iere</strong></span> <span class='ocrx_word' id='word_1_54' title='bbox 852 1096 1052 1162; x_wconf 89' lang='lat' dir='ltr'><strong>consentiunt</strong></span> <span class='ocrx_word' id='word_1_55' title='bbox 1067 1113 1137 1160; x_wconf 91' lang='lat' dir='ltr'><strong>cum</strong></span> <span class='ocrx_word' id='word_1_56' title='bbox 1154 1095 1244 1160; x_wconf 87' lang='lat' dir='ltr'><strong>codd.</strong></span> <span class='ocrx_word' id='word_1_57' title='bbox 1259 1095 1325 1159; x_wconf 88' lang='lat' dir='ltr'><strong>EV.</strong></span> <span class='ocrx_word' id='word_1_58' title='bbox 1348 1095 1391 1159; x_wconf 83' lang='lat' dir='ltr'><strong>st</strong></span> <span class='ocrx_word' id='word_1_59' title='bbox 1404 1103 1514 1162; x_wconf 88' lang='lat' dir='ltr'><strong>contra</strong></span> <span class='ocrx_word' id='word_1_60' title='bbox 1533 1114 1603 1162; x_wconf 90' lang='lat' dir='ltr'><strong>oum</strong></span> <span class='ocrx_word' id='word_1_61' title='bbox 1619 1103 1783 1162; x_wconf 84' lang='lat' dir='ltr'><strong>contextus</strong></span> <span class='ocrx_word' id='word_1_62' title='bbox 1797 1099 1865 1180; x_wconf 88' lang='lat' dir='ltr'><strong>ipse</strong></span> <span class='ocrx_word' id='word_1_63' title='bbox 1877 1116 1947 1163; x_wconf 91' lang='lat' dir='ltr'><strong>cum</strong></span> <span class='ocrx_word' id='word_1_64' title='bbox 1959 1117 2014 1165; x_wconf 92' lang='lat' dir='ltr'><strong>oo-</strong></span> 
     </span>
     <span class='ocr_line' id='line_1_7' title="bbox 423 1213 2011 1298; baseline -0.001 -15"><span class='ocrx_word' id='word_1_65' title='bbox 423 1219 493 1284; x_wconf 91' lang='lat' dir='ltr'><strong>dice</strong></span> <span class='ocrx_word' id='word_1_66' title='bbox 507 1219 535 1284; x_wconf 78' lang='lat' dir='ltr'><strong>E</strong></span> <span class='ocrx_word' id='word_1_67' title='bbox 550 1222 735 1284; x_wconf 85' lang='lat' dir='ltr'><strong>concentum</strong></span> <span class='ocrx_word' id='word_1_68' title='bbox 746 1223 860 1289; x_wconf 85' lang='lat' dir='ltr'><strong>seruet,</strong></span> <span class='ocrx_word' id='word_1_69' title='bbox 873 1233 1087 1298; x_wconf 86' lang='lat' dir='ltr'><strong>quaecumque</strong></span> <span class='ocrx_word' id='word_1_70' title='bbox 1099 1217 1131 1280; x_wconf 92' lang='lat' dir='ltr'><strong>in</strong></span> <span class='ocrx_word' id='word_1_71' title='bbox 1143 1215 1283 1296; x_wconf 84' lang='lat' dir='ltr'><strong>margine</strong></span> <span class='ocrx_word' id='word_1_72' title='bbox 1295 1213 1412 1296; x_wconf 88' lang='lat' dir='ltr'><strong>scripta</strong></span> <span class='ocrx_word' id='word_1_73' title='bbox 1423 1223 1497 1278; x_wconf 91' lang='lat' dir='ltr'><strong>sunt</strong></span> <span class='ocrx_word' id='word_1_74' title='bbox 1506 1222 1680 1282; x_wconf 88' lang='lat' dir='ltr'><strong>consonant</strong></span> <span class='ocrx_word' id='word_1_75' title='bbox 1691 1233 1760 1280; x_wconf 91' lang='lat' dir='ltr'><strong>cum</strong></span> <span class='ocrx_word' id='word_1_76' title='bbox 1773 1214 1907 1284; x_wconf 86' lang='lat' dir='ltr'><strong>lectione</strong></span> <span class='ocrx_word' id='word_1_77' title='bbox 1918 1215 2011 1282; x_wconf 83' lang='lat' dir='ltr'><strong>codd.</strong></span> 
     </span>
     <span class='ocr_line' id='line_1_8' title="bbox 422 1332 2013 1420; baseline 0 -18"><span class='ocrx_word' id='word_1_78' title='bbox 422 1334 541 1402; x_wconf 82' lang='lat' dir='ltr'><strong>FGLM</strong></span> <span class='ocrx_word' id='word_1_79' title='bbox 556 1372 589 1384; x_wconf 88' lang='lat'>—</span> <span class='ocrx_word' id='word_1_80' title='bbox 607 1336 638 1400; x_wconf 86' lang='lat' dir='ltr'><strong>ll</strong></span> <span class='ocrx_word' id='word_1_81' title='bbox 651 1344 699 1400; x_wconf 89' lang='lat' dir='ltr'><strong>est</strong></span> <span class='ocrx_word' id='word_1_82' title='bbox 711 1333 851 1408; x_wconf 84' lang='lat' dir='ltr'><strong>Venetus</strong></span> <span class='ocrx_word' id='word_1_83' title='bbox 861 1334 999 1416; x_wconf 89' lang='lat' dir='ltr'><strong>quidam,</strong></span> <span class='ocrx_word' id='word_1_84' title='bbox 1012 1333 1038 1398; x_wconf 82' lang='lat'><strong>1.</strong></span> <span class='ocrx_word' id='word_1_85' title='bbox 1050 1333 1293 1410; x_wconf 80' lang='lat' dir='ltr'><strong>Laurentianus,</strong></span> <span class='ocrx_word' id='word_1_86' title='bbox 1307 1334 1346 1398; x_wconf 94' lang='lat' dir='ltr'><strong>de</strong></span> <span class='ocrx_word' id='word_1_87' title='bbox 1357 1332 1473 1414; x_wconf 86' lang='lat' dir='ltr'><strong>quibus</strong></span> <span class='ocrx_word' id='word_1_88' title='bbox 1484 1333 1566 1400; x_wconf 86' lang='lat' dir='ltr'><strong>inira</strong></span> <span class='ocrx_word' id='word_1_89' title='bbox 1577 1335 1739 1400; x_wconf 80' lang='lat' dir='ltr'><strong>disseram.</strong></span> <span class='ocrx_word' id='word_1_90' title='bbox 1755 1334 1910 1414; x_wconf 82' lang='lat' dir='ltr'><strong>Quocirca</strong></span> <span class='ocrx_word' id='word_1_91' title='bbox 1923 1338 2013 1420; x_wconf 92' lang='lat' dir='ltr'><strong>quod</strong></span> 
     </span>
     <span class='ocr_line' id='line_1_9' title="bbox 422 1451 2014 1539; baseline -0.002 -16"><span class='ocrx_word' id='word_1_92' title='bbox 422 1455 650 1539; x_wconf 80' lang='lat' dir='ltr'><strong>Wesseiingius</strong></span> <span class='ocrx_word' id='word_1_93' title='bbox 671 1458 857 1524; x_wconf 89' lang='lat' dir='ltr'><strong>coniectavit</strong></span> <span class='ocrx_word' id='word_1_94' title='bbox 879 1454 1072 1537; x_wconf 83' lang='lat' dir='ltr'><strong>Stephanum</strong></span> <span class='ocrx_word' id='word_1_95' title='bbox 1096 1456 1123 1519; x_wconf 78' lang='lat' dir='ltr'><strong>lt</strong></span> <span class='ocrx_word' id='word_1_96' title='bbox 1146 1455 1287 1521; x_wconf 82' lang='lat' dir='ltr'><strong>Parisino</strong></span> <span class='ocrx_word' id='word_1_97' title='bbox 1309 1473 1399 1520; x_wconf 90' lang='lat' dir='ltr'><strong>nsum</strong></span> <span class='ocrx_word' id='word_1_98' title='bbox 1422 1471 1491 1520; x_wconf 89' lang='lat' dir='ltr'><strong>esse</strong></span> <span class='ocrx_word' id='word_1_99' title='bbox 1513 1455 1642 1534; x_wconf 86' lang='lat' dir='ltr'><strong>pronius</strong></span> <span class='ocrx_word' id='word_1_100' title='bbox 1663 1455 1705 1520; x_wconf 89' lang='lat' dir='ltr'><strong>ad</strong></span> <span class='ocrx_word' id='word_1_101' title='bbox 1727 1455 1821 1522; x_wconf 85' lang='lat' dir='ltr'><strong>iidem</strong></span> <span class='ocrx_word' id='word_1_102' title='bbox 1843 1451 1888 1519; x_wconf 87' lang='lat' dir='ltr'><strong>tit.</strong></span> <span class='ocrx_word' id='word_1_103' title='bbox 1937 1453 2014 1520; x_wconf 93' lang='lat' dir='ltr'><strong>col·</strong></span> 
     </span>
     <span class='ocr_line' id='line_1_10' title="bbox 423 1572 2013 1658; baseline 0 -18"><span class='ocrx_word' id='word_1_104' title='bbox 423 1575 497 1642; x_wconf 89' lang='lat' dir='ltr'><strong>lulis</strong></span> <span class='ocrx_word' id='word_1_105' title='bbox 519 1576 641 1658; x_wconf 80' lang='lat' dir='ltr'><strong>paginis</strong></span> <span class='ocrx_word' id='word_1_106' title='bbox 663 1575 832 1641; x_wconf 86' lang='grc'><strong>386-399</strong></span> <span class='ocrx_word' id='word_1_107' title='bbox 856 1575 1045 1654; x_wconf 89' lang='lat' dir='ltr'><strong>ubicumque</strong></span> <span class='ocrx_word' id='word_1_108' title='bbox 1064 1592 1172 1655; x_wconf 84' lang='lat' dir='ltr'><strong>margo</strong></span> <span class='ocrx_word' id='word_1_109' title='bbox 1194 1573 1223 1651; x_wconf 80' lang='lat' dir='ltr'>Q</span> <span class='ocrx_word' id='word_1_110' title='bbox 1244 1572 1360 1638; x_wconf 87' lang='lat' dir='ltr'><strong>citatus</strong></span> <span class='ocrx_word' id='word_1_111' title='bbox 1381 1572 1552 1654; x_wconf 88' lang='lat' dir='ltr'><strong>reperitur,</strong></span> <span class='ocrx_word' id='word_1_112' title='bbox 1582 1573 1667 1656; x_wconf 93' lang='lat' dir='ltr'><strong>quod</strong></span> <span class='ocrx_word' id='word_1_113' title='bbox 1688 1573 1786 1638; x_wconf 90' lang='lat' dir='ltr'><strong>octies</strong></span> <span class='ocrx_word' id='word_1_114' title='bbox 1809 1574 1925 1640; x_wconf 86' lang='lat' dir='ltr'><strong>lactum</strong></span> <span class='ocrx_word' id='word_1_115' title='bbox 1949 1581 2013 1648; x_wconf 87' lang='lat' dir='ltr'><strong>est,</strong></span> 
     </span>
     <span class='ocr_line' id='line_1_11' title="bbox 421 1690 2012 1776; baseline -0.003 -13"><span class='ocrx_word' id='word_1_116' title='bbox 421 1715 492 1763; x_wconf 92' lang='lat' dir='ltr'><strong>oum</strong></span> <span class='ocrx_word' id='word_1_117' title='bbox 515 1696 583 1761; x_wconf 92' lang='lat' dir='ltr'><strong>cod.</strong></span> <span class='ocrx_word' id='word_1_118' title='bbox 607 1696 633 1759; x_wconf 80' lang='lat' dir='ltr'><strong>lt</strong></span> <span class='ocrx_word' id='word_1_119' title='bbox 656 1693 809 1776; x_wconf 81' lang='lat' dir='ltr'><strong>congruit.</strong></span> <span class='ocrx_word' id='word_1_120' title='bbox 858 1690 1016 1772; x_wconf 75' lang='lat' dir='ltr'><strong>Cogitatio</strong></span> <span class='ocrx_word' id='word_1_121' title='bbox 1045 1691 1143 1772; x_wconf 78' lang='lat' dir='ltr'><strong>igitur</strong></span> <span class='ocrx_word' id='word_1_122' title='bbox 1174 1691 1310 1756; x_wconf 90' lang='lat' dir='ltr'><strong>animum</strong></span> <span class='ocrx_word' id='word_1_123' title='bbox 1338 1691 1424 1756; x_wconf 89' lang='lat' dir='ltr'><strong>subit</strong></span> <span class='ocrx_word' id='word_1_124' title='bbox 1458 1691 1555 1756; x_wconf 89' lang='lat' dir='ltr'><strong>libros</strong></span> <span class='ocrx_word' id='word_1_125' title='bbox 1577 1710 1618 1756; x_wconf 91' lang='lat' dir='ltr'><strong>m.</strong></span> <span class='ocrx_word' id='word_1_126' title='bbox 1640 1709 1681 1756; x_wconf 87' lang='lat' dir='ltr'><strong>ss.</strong></span> <span class='ocrx_word' id='word_1_127' title='bbox 1710 1691 1743 1758; x_wconf 95' lang='lat' dir='ltr'><strong>in</strong></span> <span class='ocrx_word' id='word_1_128' title='bbox 1772 1694 1851 1758; x_wconf 90' lang='lat' dir='ltr'><strong>duos</strong></span> <span class='ocrx_word' id='word_1_129' title='bbox 1881 1693 2012 1759; x_wconf 85' lang='lat' dir='ltr'><strong>ordines</strong></span> 
     </span>
     <span class='ocr_line' id='line_1_12' title="bbox 422 1807 2012 1892; baseline -0.002 -13"><span class='ocrx_word' id='word_1_130' title='bbox 422 1813 656 1881; x_wconf 90' lang='lat' dir='ltr'><strong>distribuendos</strong></span> <span class='ocrx_word' id='word_1_131' title='bbox 679 1829 758 1884; x_wconf 75' lang='lat' dir='ltr'><strong>esse</strong></span> <span class='ocrx_word' id='word_1_132' title='bbox 780 1829 913 1892; x_wconf 91' lang='lat' dir='ltr'><strong>quorum</strong></span> <span class='ocrx_word' id='word_1_133' title='bbox 935 1808 1069 1876; x_wconf 89' lang='lat' dir='ltr'><strong>alterum</strong></span> <span class='ocrx_word' id='word_1_134' title='bbox 1092 1808 1230 1874; x_wconf 83' lang='lat' dir='ltr'><strong>efficiant</strong></span> <span class='ocrx_word' id='word_1_135' title='bbox 1257 1808 1290 1873; x_wconf 92' lang='lat' dir='ltr'><strong>iu</strong></span> <span class='ocrx_word' id='word_1_136' title='bbox 1320 1810 1428 1891; x_wconf 91' lang='lat' dir='ltr'><strong>primis</strong></span> <span class='ocrx_word' id='word_1_137' title='bbox 1454 1808 1526 1875; x_wconf 88' lang='lat' dir='ltr'><strong>libri</strong></span> <span class='ocrx_word' id='word_1_138' title='bbox 1555 1807 1688 1888; x_wconf 76' lang='lat' dir='ltr'><strong>natu,</strong></span> <span class='ocrx_word' id='word_1_139' title='bbox 1719 1811 1854 1876; x_wconf 88' lang='lat' dir='ltr'><strong>alterum</strong></span> <span class='ocrx_word' id='word_1_140' title='bbox 1884 1813 2012 1892; x_wconf 85' lang='lat' dir='ltr'><strong>potissi-</strong></span> 
     </span>
     <span class='ocr_line' id='line_1_13' title="bbox 423 1925 2007 2013; baseline -0.001 -15"><span class='ocrx_word' id='word_1_141' title='bbox 423 1951 507 1998; x_wconf 93' lang='lat' dir='ltr'><strong>mum</strong></span> <span class='ocrx_word' id='word_1_142' title='bbox 535 1929 715 1996; x_wconf 79' lang='lat' dir='ltr'><strong>ABDENV.</strong></span> <span class='ocrx_word' id='word_1_143' title='bbox 768 1928 928 1996; x_wconf 84' lang='lat' dir='ltr'><strong>CodexB</strong></span> <span class='ocrx_word' id='word_1_144' title='bbox 960 1928 1147 1994; x_wconf 82' lang='lat' dir='ltr'><strong>Mutinensis</strong></span> <span class='ocrx_word' id='word_1_145' title='bbox 1176 1926 1324 1993; x_wconf 89' lang='lat' dir='ltr'><strong>librorum</strong></span> <span class='ocrx_word' id='word_1_146' title='bbox 1352 1925 1465 2007; x_wconf 87' lang='lat' dir='ltr'><strong>I-V,</strong></span> <span class='ocrx_word' id='word_1_147' title='bbox 1495 1929 1527 1995; x_wconf 94' lang='lat' dir='ltr'><strong>id</strong></span> <span class='ocrx_word' id='word_1_148' title='bbox 1551 1930 1635 2012; x_wconf 92' lang='lat' dir='ltr'><strong>quod</strong></span> <span class='ocrx_word' id='word_1_149' title='bbox 1658 1948 1768 1996; x_wconf 91' lang='lat' dir='ltr'><strong>nomen</strong></span> <span class='ocrx_word' id='word_1_150' title='bbox 1790 1930 2007 2013; x_wconf 86' lang='lat' dir='ltr'><strong>subscriptum</strong></span> 
     </span>
     <span class='ocr_line' id='line_1_14' title="bbox 423 2048 2009 2132; baseline -0.001 -16"><span class='ocrx_word' id='word_1_151' title='bbox 423 2051 552 2130; x_wconf 90' lang='lat' dir='ltr'><strong>indicat,</strong></span> <span class='ocrx_word' id='word_1_152' title='bbox 573 2050 613 2115; x_wconf 90' lang='lat' dir='ltr'><strong>ab</strong></span> <span class='ocrx_word' id='word_1_153' title='bbox 635 2050 785 2116; x_wconf 83' lang='lat' dir='ltr'><strong>Michaele</strong></span> <span class='ocrx_word' id='word_1_154' title='bbox 801 2049 962 2132; x_wconf 76' lang='lat' dir='ltr'><strong>Apostolio</strong></span> <span class='ocrx_word' id='word_1_155' title='bbox 983 2055 1055 2130; x_wconf 90' lang='lat' dir='ltr'><strong>post</strong></span> <span class='ocrx_word' id='word_1_156' title='bbox 1070 2056 1194 2132; x_wconf 87' lang='lat' dir='ltr'><strong>captam</strong></span> <span class='ocrx_word' id='word_1_157' title='bbox 1211 2048 1500 2130; x_wconf 88' lang='lat' dir='ltr'><strong>constantinopolin</strong></span> <span class='ocrx_word' id='word_1_158' title='bbox 1523 2050 1683 2116; x_wconf 87' lang='lat' dir='ltr'><strong>conlectus</strong></span> <span class='ocrx_word' id='word_1_159' title='bbox 1697 2056 1755 2114; x_wconf 79' lang='lat' dir='ltr'><strong>est.</strong></span> <span class='ocrx_word' id='word_1_160' title='bbox 1790 2051 1871 2116; x_wconf 75' lang='lat' dir='ltr'><strong>cum</strong></span> <span class='ocrx_word' id='word_1_161' title='bbox 1894 2049 2009 2117; x_wconf 86' lang='lat' dir='ltr'><strong>Gomn-</strong></span> 
     </span>
     <span class='ocr_line' id='line_1_15' title="bbox 425 2165 2004 2252; baseline -0.001 -16"><span class='ocrx_word' id='word_1_162' title='bbox 425 2170 486 2236; x_wconf 88' lang='lat' dir='ltr'><strong>sati</strong></span> <span class='ocrx_word' id='word_1_163' title='bbox 508 2169 541 2235; x_wconf 91' lang='lat' dir='ltr'><strong>in</strong></span> <span class='ocrx_word' id='word_1_164' title='bbox 563 2186 653 2235; x_wconf 86' lang='lat' dir='ltr'><strong>usum</strong></span> <span class='ocrx_word' id='word_1_165' title='bbox 677 2167 870 2236; x_wconf 85' lang='lat' dir='ltr'><strong>Muratorius</strong></span> <span class='ocrx_word' id='word_1_166' title='bbox 892 2169 1092 2250; x_wconf 85' lang='lat' dir='ltr'><strong>comparavit</strong></span> <span class='ocrx_word' id='word_1_167' title='bbox 1141 2165 1240 2232; x_wconf 91' lang='lat' dir='ltr'><strong>cnius</strong></span> <span class='ocrx_word' id='word_1_168' title='bbox 1266 2167 1382 2234; x_wconf 88' lang='lat' dir='ltr'><strong>codicis</strong></span> <span class='ocrx_word' id='word_1_169' title='bbox 1410 2168 1500 2232; x_wconf 85' lang='lat' dir='ltr'><strong>uaria</strong></span> <span class='ocrx_word' id='word_1_170' title='bbox 1527 2168 1684 2250; x_wconf 89' lang='lat' dir='ltr'><strong>scriptura</strong></span> <span class='ocrx_word' id='word_1_171' title='bbox 1712 2186 1794 2250; x_wconf 87' lang='lat' dir='ltr'><strong>qnae</strong></span> <span class='ocrx_word' id='word_1_172' title='bbox 1819 2169 1944 2252; x_wconf 89' lang='lat' dir='ltr'><strong>quidem</strong></span> <span class='ocrx_word' id='word_1_173' title='bbox 1968 2171 2004 2234; x_wconf 92' lang='lat' dir='ltr'><strong>in</strong></span> 
     </span>
     <span class='ocr_line' id='line_1_16' title="bbox 422 2284 2005 2372; baseline 0 -18"><span class='ocrx_word' id='word_1_174' title='bbox 422 2289 522 2355; x_wconf 87' lang='lat' dir='ltr'><strong>lucem</strong></span> <span class='ocrx_word' id='word_1_175' title='bbox 544 2288 668 2372; x_wconf 90' lang='lat' dir='ltr'><strong>prolata</strong></span> <span class='ocrx_word' id='word_1_176' title='bbox 690 2288 733 2353; x_wconf 93' lang='lat' dir='ltr'><strong>sit</strong></span> <span class='ocrx_word' id='word_1_177' title='bbox 753 2288 858 2365; x_wconf 88' lang='lat' dir='ltr'><strong>babet,</strong></span> <span class='ocrx_word' id='word_1_178' title='bbox 882 2292 1005 2352; x_wconf 90' lang='lat' dir='ltr'><strong>utrem</strong></span> <span class='ocrx_word' id='word_1_179' title='bbox 1028 2286 1137 2366; x_wconf 88' lang='lat' dir='ltr'><strong>paucis</strong></span> <span class='ocrx_word' id='word_1_180' title='bbox 1160 2284 1328 2360; x_wconf 86' lang='lat' dir='ltr'><strong>absolvam,</strong></span> <span class='ocrx_word' id='word_1_181' title='bbox 1351 2285 1614 2368; x_wconf 85' lang='lat' dir='ltr'><strong>comparationem</strong></span> <span class='ocrx_word' id='word_1_182' title='bbox 1637 2305 1708 2351; x_wconf 91' lang='lat' dir='ltr'><strong>cum</strong></span> <span class='ocrx_word' id='word_1_183' title='bbox 1728 2285 1809 2352; x_wconf 92' lang='lat' dir='ltr'><strong>libro</strong></span> <span class='ocrx_word' id='word_1_184' title='bbox 1824 2287 1870 2368; x_wconf 83' lang='grc' dir='ltr'><strong>Δ;</strong></span> <span class='ocrx_word' id='word_1_185' title='bbox 1893 2307 2005 2371; x_wconf 83' lang='lat' dir='ltr'><strong>exquo</strong></span> 
     </span>
     <span class='ocr_line' id='line_1_17' title="bbox 422 2403 2008 2490; baseline 0 -18"><span class='ocrx_word' id='word_1_186' title='bbox 422 2404 459 2472; x_wconf 82' lang='lat' dir='ltr'><strong>fit</strong></span> <span class='ocrx_word' id='word_1_187' title='bbox 480 2413 525 2486; x_wconf 79' lang='lat' dir='ltr'><strong>ut,</strong></span> <span class='ocrx_word' id='word_1_188' title='bbox 548 2407 608 2474; x_wconf 89' lang='lat' dir='ltr'><strong>etsi</strong></span> <span class='ocrx_word' id='word_1_189' title='bbox 630 2406 698 2472; x_wconf 94' lang='lat' dir='ltr'><strong>cod.</strong></span> <span class='ocrx_word' id='word_1_190' title='bbox 720 2407 747 2470; x_wconf 89' lang='lat' dir='ltr'>B</span> <span class='ocrx_word' id='word_1_191' title='bbox 768 2405 905 2490; x_wconf 81' lang='lat' dir='ltr'><strong>nondum</strong></span> <span class='ocrx_word' id='word_1_192' title='bbox 921 2406 1078 2488; x_wconf 82' lang='lat' dir='ltr'><strong>conspexi,</strong></span> <span class='ocrx_word' id='word_1_193' title='bbox 1102 2406 1231 2472; x_wconf 87' lang='lat' dir='ltr'><strong>coiciam</strong></span> <span class='ocrx_word' id='word_1_194' title='bbox 1254 2407 1285 2474; x_wconf 91' lang='lat' dir='ltr'><strong>in</strong></span> <span class='ocrx_word' id='word_1_195' title='bbox 1307 2425 1344 2472; x_wconf 86' lang='lat' dir='ltr'><strong>eo</strong></span> <span class='ocrx_word' id='word_1_196' title='bbox 1366 2413 1400 2474; x_wconf 91' lang='lat' dir='ltr'><strong>et</strong></span> <span class='ocrx_word' id='word_1_197' title='bbox 1420 2405 1490 2472; x_wconf 93' lang='lat' dir='ltr'><strong>illos</strong></span> <span class='ocrx_word' id='word_1_198' title='bbox 1512 2425 1623 2472; x_wconf 89' lang='lat' dir='ltr'><strong>versus</strong></span> <span class='ocrx_word' id='word_1_199' title='bbox 1645 2407 1704 2474; x_wconf 92' lang='lat' dir='ltr'><strong>sub</strong></span> <span class='ocrx_word' id='word_1_200' title='bbox 1726 2403 1818 2473; x_wconf 84' lang='lat' dir='ltr'><strong>finem</strong></span> <span class='ocrx_word' id='word_1_201' title='bbox 1841 2408 1951 2474; x_wconf 86' lang='lat' dir='ltr'><strong>deesse</strong></span> <span class='ocrx_word' id='word_1_202' title='bbox 1974 2413 2008 2472; x_wconf 93' lang='lat' dir='ltr'><strong>et</strong></span> 
     </span>
     <span class='ocr_line' id='line_1_18' title="bbox 422 2524 858 2609; baseline -0.002 -18"><span class='ocrx_word' id='word_1_203' title='bbox 422 2524 497 2592; x_wconf 89' lang='lat' dir='ltr'><strong>libri</strong></span> <span class='ocrx_word' id='word_1_204' title='bbox 516 2525 607 2608; x_wconf 82' lang='lat' dir='ltr'><strong>primi</strong></span> <span class='ocrx_word' id='word_1_205' title='bbox 629 2532 858 2609; x_wconf 77' lang='lat' dir='ltr'><strong>argumentum.</strong></span> 
     </span>
    </p>

    <p class='ocr_par' dir='ltr' id='par_1_3' title="bbox 422 2644 2009 4994">
     <span class='ocr_line' id='line_1_19' title="bbox 579 2644 2007 2713; baseline 0.002 -4"><span class='ocrx_word' id='word_1_206' title='bbox 579 2644 649 2709; x_wconf 77' lang='lat' dir='ltr'><strong>Alia</strong></span> <span class='ocrx_word' id='word_1_207' title='bbox 663 2663 737 2711; x_wconf 89' lang='lat' dir='ltr'><strong>vero</strong></span> <span class='ocrx_word' id='word_1_208' title='bbox 758 2647 917 2712; x_wconf 89' lang='lat' dir='ltr'><strong>sententia</strong></span> <span class='ocrx_word' id='word_1_209' title='bbox 940 2646 1070 2712; x_wconf 83' lang='lat' dir='ltr'><strong>ferenda</strong></span> <span class='ocrx_word' id='word_1_210' title='bbox 1091 2652 1141 2712; x_wconf 92' lang='lat' dir='ltr'><strong>est</strong></span> <span class='ocrx_word' id='word_1_211' title='bbox 1162 2647 1202 2712; x_wconf 92' lang='lat' dir='ltr'><strong>de</strong></span> <span class='ocrx_word' id='word_1_212' title='bbox 1223 2646 1329 2713; x_wconf 89' lang='lat' dir='ltr'><strong>codice</strong></span> <span class='ocrx_word' id='word_1_213' title='bbox 1345 2645 1499 2712; x_wconf 87' lang='lat' dir='ltr'><strong>Vaticano</strong></span> <span class='ocrx_word' id='word_1_214' title='bbox 1522 2645 1559 2712; x_wconf 92' lang='lat'><strong>0.</strong></span> <span class='ocrx_word' id='word_1_215' title='bbox 1590 2646 1633 2710; x_wconf 78' lang='lat' dir='ltr'><strong>lit</strong></span> <span class='ocrx_word' id='word_1_216' title='bbox 1653 2647 1680 2711; x_wconf 88' lang='lat' dir='ltr'><strong>is</strong></span> <span class='ocrx_word' id='word_1_217' title='bbox 1703 2645 1845 2713; x_wconf 87' lang='lat' dir='ltr'><strong>desinere</strong></span> <span class='ocrx_word' id='word_1_218' title='bbox 1868 2647 2007 2712; x_wconf 90' lang='lat' dir='ltr'><strong>traditur</strong></span> 
     </span>
     <span class='ocr_line' id='line_1_20' title="bbox 424 2763 2009 2850; baseline 0.001 -22"><span class='ocrx_word' id='word_1_219' title='bbox 424 2763 456 2830; x_wconf 90' lang='lat' dir='ltr'><strong>in</strong></span> <span class='ocrx_word' id='word_1_220' title='bbox 472 2764 601 2830; x_wconf 81' lang='lat' dir='ltr'><strong>verbnm</strong></span> <span class='ocrx_word' id='word_1_221' title='bbox 623 2764 784 2850; x_wconf 62' lang='lat' dir='ltr'><strong>turturea.</strong></span> <span class='ocrx_word' id='word_1_222' title='bbox 818 2766 880 2830; x_wconf 79' lang='lat' dir='ltr'><strong>Aut</strong></span> <span class='ocrx_word' id='word_1_223' title='bbox 901 2763 933 2829; x_wconf 94' lang='lat' dir='ltr'><strong>id</strong></span> <span class='ocrx_word' id='word_1_224' title='bbox 950 2785 1006 2846; x_wconf 92' lang='lat' dir='ltr'><strong>per</strong></span> <span class='ocrx_word' id='word_1_225' title='bbox 1021 2765 1247 2847; x_wconf 83' lang='lat' dir='ltr'><strong>neglegentiam</strong></span> <span class='ocrx_word' id='word_1_226' title='bbox 1271 2765 1387 2831; x_wconf 91' lang='lat' dir='ltr'><strong>dictum</strong></span> <span class='ocrx_word' id='word_1_227' title='bbox 1411 2773 1460 2831; x_wconf 88' lang='lat' dir='ltr'><strong>est</strong></span> <span class='ocrx_word' id='word_1_228' title='bbox 1481 2772 1537 2831; x_wconf 90' lang='lat' dir='ltr'><strong>aut</strong></span> <span class='ocrx_word' id='word_1_229' title='bbox 1557 2764 1637 2831; x_wconf 92' lang='lat' dir='ltr'><strong>liber</strong></span> <span class='ocrx_word' id='word_1_230' title='bbox 1658 2765 1696 2846; x_wconf 87' lang='grc' dir='ltr'><strong>Ο,</strong></span> <span class='ocrx_word' id='word_1_231' title='bbox 1717 2765 1771 2847; x_wconf 92' lang='lat' dir='ltr'><strong>qui</strong></span> <span class='ocrx_word' id='word_1_232' title='bbox 1793 2766 1906 2846; x_wconf 89' lang='lat' dir='ltr'><strong>quibus</strong></span> <span class='ocrx_word' id='word_1_233' title='bbox 1930 2773 2009 2832; x_wconf 83' lang='lat' dir='ltr'><strong>tem·</strong></span> 
     </span>
     <span class='ocr_line' id='line_1_21' title="bbox 423 2883 2006 2966; baseline 0.001 -18"><span class='ocrx_word' id='word_1_234' title='bbox 423 2883 552 2964; x_wconf 92' lang='lat' dir='ltr'><strong>poribus</strong></span> <span class='ocrx_word' id='word_1_235' title='bbox 578 2884 770 2964; x_wconf 87' lang='lat' dir='ltr'><strong>compositus</strong></span> <span class='ocrx_word' id='word_1_236' title='bbox 798 2884 840 2948; x_wconf 89' lang='lat' dir='ltr'><strong>sit</strong></span> <span class='ocrx_word' id='word_1_237' title='bbox 867 2884 1047 2966; x_wconf 78' lang='lat' dir='ltr'><strong>ignoramus</strong></span> <span class='ocrx_word' id='word_1_238' title='bbox 1078 2920 1114 2930; x_wconf 89' lang='lat'>-</span> <span class='ocrx_word' id='word_1_239' title='bbox 1145 2889 1194 2948; x_wconf 88' lang='lat' dir='ltr'><strong>est</strong></span> <span class='ocrx_word' id='word_1_240' title='bbox 1222 2889 1327 2948; x_wconf 85' lang='lat' dir='ltr'><strong>autem</strong></span> <span class='ocrx_word' id='word_1_241' title='bbox 1361 2902 1398 2948; x_wconf 86' lang='lat' dir='ltr'><strong>ex</strong></span> <span class='ocrx_word' id='word_1_242' title='bbox 1434 2885 1658 2949; x_wconf 89' lang='lat' dir='ltr'><strong>recentioribus</strong></span> <span class='ocrx_word' id='word_1_243' title='bbox 1689 2885 1936 2965; x_wconf 88' lang='lat' dir='ltr'><strong>manuscriptis</strong></span> <span class='ocrx_word' id='word_1_244' title='bbox 1966 2919 2006 2932; x_wconf 90' lang='lat'>-</span> 
     </span>
     <span class='ocr_line' id='line_1_22' title="bbox 422 3001 2006 3082; baseline 0 -14"><span class='ocrx_word' id='word_1_245' title='bbox 422 3009 546 3070; x_wconf 88' lang='lat' dir='ltr'><strong>constat</strong></span> <span class='ocrx_word' id='word_1_246' title='bbox 577 3021 616 3068; x_wconf 85' lang='lat' dir='ltr'><strong>ex</strong></span> <span class='ocrx_word' id='word_1_247' title='bbox 646 3002 779 3068; x_wconf 85' lang='lat' dir='ltr'><strong>diversis</strong></span> <span class='ocrx_word' id='word_1_248' title='bbox 813 3004 955 3082; x_wconf 90' lang='lat' dir='ltr'><strong>partibus</strong></span> <span class='ocrx_word' id='word_1_249' title='bbox 988 3010 1046 3070; x_wconf 91' lang='lat' dir='ltr'><strong>aut</strong></span> <span class='ocrx_word' id='word_1_250' title='bbox 1071 3010 1122 3069; x_wconf 88' lang='lat' dir='ltr'><strong>est</strong></span> <span class='ocrx_word' id='word_1_251' title='bbox 1148 3001 1320 3068; x_wconf 88' lang='lat' dir='ltr'><strong>secundum</strong></span> <span class='ocrx_word' id='word_1_252' title='bbox 1349 3001 1444 3066; x_wconf 89' lang='lat' dir='ltr'><strong>alium</strong></span> <span class='ocrx_word' id='word_1_253' title='bbox 1472 3001 1585 3066; x_wconf 87' lang='lat' dir='ltr'><strong>librum</strong></span> <span class='ocrx_word' id='word_1_254' title='bbox 1613 3010 1782 3068; x_wconf 89' lang='lat' dir='ltr'><strong>correctus.</strong></span> <span class='ocrx_word' id='word_1_255' title='bbox 1837 3003 2006 3068; x_wconf 87' lang='lat' dir='ltr'><strong>Parvulum</strong></span> 
     </span>
     <span class='ocr_line' id='line_1_23' title="bbox 422 3118 2008 3204; baseline -0.001 -16"><span class='ocrx_word' id='word_1_256' title='bbox 422 3121 505 3188; x_wconf 90' lang='lat' dir='ltr'><strong>enim</strong></span> <span class='ocrx_word' id='word_1_257' title='bbox 529 3122 686 3202; x_wconf 90' lang='lat' dir='ltr'><strong>specimen</strong></span> <span class='ocrx_word' id='word_1_258' title='bbox 709 3122 776 3186; x_wconf 86' lang='lat' dir='ltr'><strong>eius</strong></span> <span class='ocrx_word' id='word_1_259' title='bbox 798 3122 882 3202; x_wconf 86' lang='lat' dir='ltr'><strong>quod</strong></span> <span class='ocrx_word' id='word_1_260' title='bbox 904 3128 1094 3202; x_wconf 89' lang='lat' dir='ltr'><strong>compertum</strong></span> <span class='ocrx_word' id='word_1_261' title='bbox 1118 3122 1268 3186; x_wconf 88' lang='lat' dir='ltr'><strong>babemus</strong></span> <span class='ocrx_word' id='word_1_262' title='bbox 1290 3121 1328 3185; x_wconf 92' lang='lat' dir='ltr'><strong>ab</strong></span> <span class='ocrx_word' id='word_1_263' title='bbox 1351 3118 1441 3185; x_wconf 92' lang='lat' dir='ltr'><strong>initio</strong></span> <span class='ocrx_word' id='word_1_264' title='bbox 1463 3120 1532 3184; x_wconf 87' lang='lat' dir='ltr'><strong>libri</strong></span> <span class='ocrx_word' id='word_1_265' title='bbox 1555 3121 1648 3204; x_wconf 91' lang='lat' dir='ltr'><strong>primi</strong></span> <span class='ocrx_word' id='word_1_266' title='bbox 1670 3123 1710 3185; x_wconf 87' lang='lat' dir='ltr'><strong>ud</strong></span> <span class='ocrx_word' id='word_1_267' title='bbox 1734 3139 1804 3203; x_wconf 85' lang='lat' dir='ltr'><strong>pag.</strong></span> <span class='ocrx_word' id='word_1_268' title='bbox 1829 3123 1880 3202; x_wconf 84' lang='lat'><strong>12,</strong></span> <span class='ocrx_word' id='word_1_269' title='bbox 1898 3122 1937 3187; x_wconf 81' lang='lat'><strong>15</strong></span> <span class='ocrx_word' id='word_1_270' title='bbox 1954 3140 2008 3187; x_wconf 93' lang='lat' dir='ltr'><strong>us-</strong></span> 
     </span>
     <span class='ocr_line' id='line_1_24' title="bbox 423 3237 2008 3324; baseline 0.001 -18"><span class='ocrx_word' id='word_1_271' title='bbox 423 3260 484 3324; x_wconf 89' lang='lat' dir='ltr'><strong>quc</strong></span> <span class='ocrx_word' id='word_1_272' title='bbox 505 3241 660 3323; x_wconf 87' lang='lat' dir='ltr'><strong>pcrtinet;</strong></span> <span class='ocrx_word' id='word_1_273' title='bbox 674 3247 740 3304; x_wconf 91' lang='lat' dir='ltr'><strong>tum</strong></span> <span class='ocrx_word' id='word_1_274' title='bbox 753 3239 848 3304; x_wconf 76' lang='lat' dir='ltr'><strong>semu</strong></span> <span class='ocrx_word' id='word_1_275' title='bbox 859 3238 918 3305; x_wconf 94' lang='lat' dir='ltr'><strong>sub</strong></span> <span class='ocrx_word' id='word_1_276' title='bbox 931 3237 1022 3304; x_wconf 86' lang='lat' dir='ltr'><strong>linem</strong></span> <span class='ocrx_word' id='word_1_277' title='bbox 1034 3241 1074 3305; x_wconf 93' lang='lat' dir='ltr'><strong>ad</strong></span> <span class='ocrx_word' id='word_1_278' title='bbox 1094 3259 1164 3322; x_wconf 80' lang='lat' dir='ltr'><strong>pag.</strong></span> <span class='ocrx_word' id='word_1_279' title='bbox 1176 3239 1250 3317; x_wconf 85' lang='lat'><strong>399,</strong></span> <span class='ocrx_word' id='word_1_280' title='bbox 1263 3239 1305 3302; x_wconf 80' lang='lat'><strong>24</strong></span> <span class='ocrx_word' id='word_1_281' title='bbox 1323 3245 1581 3306; x_wconf 87' lang='lat' dir='ltr'><strong>memoratusest.</strong></span> <span class='ocrx_word' id='word_1_282' title='bbox 1607 3241 1683 3306; x_wconf 80' lang='lat' dir='ltr'><strong>Eius</strong></span> <span class='ocrx_word' id='word_1_283' title='bbox 1701 3243 1858 3322; x_wconf 86' lang='lat' dir='ltr'><strong>scriptura</strong></span> <span class='ocrx_word' id='word_1_284' title='bbox 1876 3243 2008 3324; x_wconf 79' lang='lat' dir='ltr'><strong>triginta</strong></span> 
     </span>
     <span class='ocr_line' id='line_1_25' title="bbox 422 3356 2007 3443; baseline 0.001 -17"><span class='ocrx_word' id='word_1_285' title='bbox 422 3366 542 3442; x_wconf 87' lang='lat' dir='ltr'><strong>septem</strong></span> <span class='ocrx_word' id='word_1_286' title='bbox 565 3359 641 3426; x_wconf 89' lang='lat' dir='ltr'><strong>locis</strong></span> <span class='ocrx_word' id='word_1_287' title='bbox 663 3358 761 3429; x_wconf 88' lang='lat' dir='ltr'><strong>allato</strong></span> <span class='ocrx_word' id='word_1_288' title='bbox 783 3361 927 3443; x_wconf 82' lang='lat' dir='ltr'><strong>congruit</strong></span> <span class='ocrx_word' id='word_1_289' title='bbox 948 3359 1059 3424; x_wconf 80' lang='lat' dir='ltr'><strong>eximie</strong></span> <span class='ocrx_word' id='word_1_290' title='bbox 1082 3377 1151 3424; x_wconf 92' lang='lat' dir='ltr'><strong>cum</strong></span> <span class='ocrx_word' id='word_1_291' title='bbox 1174 3359 1332 3425; x_wconf 89' lang='lat' dir='ltr'><strong>codicibus</strong></span> <span class='ocrx_word' id='word_1_292' title='bbox 1355 3356 1488 3439; x_wconf 81' lang='lat' dir='ltr'>FGLM3</span> <span class='ocrx_word' id='word_1_293' title='bbox 1509 3377 1708 3442; x_wconf 84' lang='lat' dir='ltr'><strong>quamquam,</strong></span> <span class='ocrx_word' id='word_1_294' title='bbox 1730 3369 1764 3425; x_wconf 91' lang='grc' dir='ltr'><strong>ιιι</strong></span> <span class='ocrx_word' id='word_1_295' title='bbox 1779 3379 1830 3426; x_wconf 87' lang='lat' dir='ltr'><strong>res</strong></span> <span class='ocrx_word' id='word_1_296' title='bbox 1846 3361 1950 3440; x_wconf 86' lang='lat' dir='ltr'><strong>habet,</strong></span> <span class='ocrx_word' id='word_1_297' title='bbox 1974 3361 2007 3428; x_wconf 94' lang='lat' dir='ltr'><strong>in</strong></span> 
     </span>
     <span class='ocr_line' id='line_1_26' title="bbox 422 3477 2007 3560; baseline 0.001 -16"><span class='ocrx_word' id='word_1_298' title='bbox 422 3497 556 3559; x_wconf 90' lang='lat' dir='ltr'><strong>quanam</strong></span> <span class='ocrx_word' id='word_1_299' title='bbox 572 3477 690 3544; x_wconf 81' lang='lat' dir='ltr'><strong>familia</strong></span> <span class='ocrx_word' id='word_1_300' title='bbox 704 3478 864 3544; x_wconf 89' lang='lat' dir='ltr'><strong>ducendus</strong></span> <span class='ocrx_word' id='word_1_301' title='bbox 880 3479 922 3542; x_wconf 89' lang='lat' dir='ltr'><strong>sit</strong></span> <span class='ocrx_word' id='word_1_302' title='bbox 936 3479 1033 3545; x_wconf 84' lang='lat' dir='ltr'><strong>codex</strong></span> <span class='ocrx_word' id='word_1_303' title='bbox 1049 3478 1076 3543; x_wconf 94' lang='grc' dir='ltr'>Ο</span> <span class='ocrx_word' id='word_1_304' title='bbox 1092 3478 1174 3542; x_wconf 90' lang='lat' dir='ltr'><strong>haud</strong></span> <span class='ocrx_word' id='word_1_305' title='bbox 1191 3479 1256 3544; x_wconf 92' lang='lat' dir='ltr'><strong>scio</strong></span> <span class='ocrx_word' id='word_1_306' title='bbox 1272 3498 1311 3544; x_wconf 91' lang='lat' dir='ltr'><strong>an</strong></span> <span class='ocrx_word' id='word_1_307' title='bbox 1327 3485 1471 3560; x_wconf 89' lang='lat' dir='ltr'><strong>oporteat</strong></span> <span class='ocrx_word' id='word_1_308' title='bbox 1492 3485 1592 3544; x_wconf 90' lang='lat' dir='ltr'><strong>totum</strong></span> <span class='ocrx_word' id='word_1_309' title='bbox 1615 3478 1765 3544; x_wconf 90' lang='lat' dir='ltr'><strong>iudicium</strong></span> <span class='ocrx_word' id='word_1_310' title='bbox 1789 3479 1936 3546; x_wconf 87' lang='lat' dir='ltr'><strong>cobiberi.</strong></span> <span class='ocrx_word' id='word_1_311' title='bbox 1964 3481 2007 3546; x_wconf 83' lang='lat' dir='ltr'><strong>Et</strong></span> 
     </span>
     <span class='ocr_line' id='line_1_27' title="bbox 424 3596 2007 3682; baseline 0.003 -20"><span class='ocrx_word' id='word_1_312' title='bbox 424 3598 463 3664; x_wconf 93' lang='lat' dir='ltr'><strong>iis</strong></span> <span class='ocrx_word' id='word_1_313' title='bbox 485 3600 581 3664; x_wconf 89' lang='lat' dir='ltr'><strong>rebus</strong></span> <span class='ocrx_word' id='word_1_314' title='bbox 603 3597 753 3680; x_wconf 87' lang='lat' dir='ltr'><strong>expositis</strong></span> <span class='ocrx_word' id='word_1_315' title='bbox 775 3599 940 3682; x_wconf 90' lang='lat' dir='ltr'><strong>quisquam</strong></span> <span class='ocrx_word' id='word_1_316' title='bbox 964 3596 1121 3663; x_wconf 90' lang='lat' dir='ltr'><strong>dubitabit</strong></span> <span class='ocrx_word' id='word_1_317' title='bbox 1142 3597 1217 3679; x_wconf 90' lang='lat' dir='ltr'><strong>quin</strong></span> <span class='ocrx_word' id='word_1_318' title='bbox 1239 3597 1304 3662; x_wconf 90' lang='lat' dir='ltr'><strong>sint</strong></span> <span class='ocrx_word' id='word_1_319' title='bbox 1325 3597 1446 3680; x_wconf 84' lang='lat' dir='ltr'><strong>aliquot</strong></span> <span class='ocrx_word' id='word_1_320' title='bbox 1467 3599 1589 3663; x_wconf 90' lang='lat' dir='ltr'><strong>codices</strong></span> <span class='ocrx_word' id='word_1_321' title='bbox 1611 3599 1764 3662; x_wconf 88' lang='lat' dir='ltr'><strong>assimiles</strong></span> <span class='ocrx_word' id='word_1_322' title='bbox 1786 3599 1868 3664; x_wconf 89' lang='lat' dir='ltr'><strong>libro</strong></span> <span class='ocrx_word' id='word_1_323' title='bbox 1893 3596 2007 3666; x_wconf 82' lang='lat' dir='ltr'><strong>Vindo</strong></span> 
     </span>
     <span class='ocr_line' id='line_1_28' title="bbox 423 3693 2008 3800; baseline -0.001 -17"><span class='ocrx_word' id='word_1_324' title='bbox 423 3717 553 3783; x_wconf 88' lang='lat' dir='ltr'><strong>bunensi</strong></span> <span class='ocrx_word' id='word_1_325' title='bbox 583 3718 785 3800; x_wconf 89' lang='lat' dir='ltr'><strong>eiusdemque</strong></span> <span class='ocrx_word' id='word_1_326' title='bbox 813 3719 937 3799; x_wconf 79' lang='lat' dir='ltr'><strong>generis</strong></span> <span class='ocrx_word' id='word_1_327' title='bbox 959 3717 1097 3799; x_wconf 85' lang='lat' dir='ltr'><strong>exceptis</strong></span> <span class='ocrx_word' id='word_1_328' title='bbox 1126 3723 1160 3781; x_wconf 87' lang='lat' dir='ltr'><strong>et</strong></span> <span class='ocrx_word' id='word_1_329' title='bbox 1186 3717 1305 3782; x_wconf 89' lang='lat' dir='ltr'><strong>mendis</strong></span> <span class='ocrx_word' id='word_1_330' title='bbox 1332 3693 1517 3800; x_wconf 89' lang='lat' dir='ltr'><strong>quibusdam</strong></span> <span class='ocrx_word' id='word_1_331' title='bbox 1548 3715 1745 3781; x_wconf 85' lang='lat' dir='ltr'><strong>librariorum</strong></span> <span class='ocrx_word' id='word_1_332' title='bbox 1776 3723 1808 3782; x_wconf 90' lang='lat' dir='ltr'><strong>et</strong></span> <span class='ocrx_word' id='word_1_333' title='bbox 1836 3725 2008 3783; x_wconf 91' lang='lat' dir='ltr'><strong>commuta·</strong></span> 
     </span>
     <span class='ocr_line' id='line_1_29' title="bbox 425 3832 2006 3920; baseline 0 -20"><span class='ocrx_word' id='word_1_334' title='bbox 425 3834 563 3900; x_wconf 89' lang='lat' dir='ltr'><strong>tionibus</strong></span> <span class='ocrx_word' id='word_1_335' title='bbox 586 3837 746 3902; x_wconf 84' lang='lat' dir='ltr'><strong>voluntate</strong></span> <span class='ocrx_word' id='word_1_336' title='bbox 768 3843 800 3902; x_wconf 89' lang='lat' dir='ltr'><strong>et</strong></span> <span class='ocrx_word' id='word_1_337' title='bbox 821 3837 936 3902; x_wconf 92' lang='lat' dir='ltr'><strong>iudicio</strong></span> <span class='ocrx_word' id='word_1_338' title='bbox 958 3834 1073 3902; x_wconf 84' lang='lat' dir='ltr'><strong>iactis?</strong></span> <span class='ocrx_word' id='word_1_339' title='bbox 1095 3832 1137 3900; x_wconf 91' lang='lat' dir='ltr'><strong>lis</strong></span> <span class='ocrx_word' id='word_1_340' title='bbox 1158 3837 1302 3901; x_wconf 89' lang='lat' dir='ltr'><strong>omnibus</strong></span> <span class='ocrx_word' id='word_1_341' title='bbox 1326 3834 1576 3902; x_wconf 76' lang='lat' dir='ltr'><strong>vindobonensis</strong></span> <span class='ocrx_word' id='word_1_342' title='bbox 1590 3842 1740 3918; x_wconf 86' lang='lat' dir='ltr'><strong>praestat,</strong></span> <span class='ocrx_word' id='word_1_343' title='bbox 1764 3837 1847 3920; x_wconf 90' lang='lat' dir='ltr'><strong>quod</strong></span> <span class='ocrx_word' id='word_1_344' title='bbox 1870 3835 2006 3918; x_wconf 89' lang='lat' dir='ltr'><strong>complu·</strong></span> 
     </span>
     <span class='ocr_line' id='line_1_30' title="bbox 424 3953 2005 4039; baseline -0.001 -19"><span class='ocrx_word' id='word_1_345' title='bbox 424 3973 476 4020; x_wconf 92' lang='lat' dir='ltr'><strong>res</strong></span> <span class='ocrx_word' id='word_1_346' title='bbox 497 3953 646 4020; x_wconf 88' lang='lat' dir='ltr'><strong>lectiones</strong></span> <span class='ocrx_word' id='word_1_347' title='bbox 668 3955 699 4020; x_wconf 92' lang='lat' dir='ltr'><strong>in</strong></span> <span class='ocrx_word' id='word_1_348' title='bbox 715 3954 776 4020; x_wconf 92' lang='lat' dir='ltr'><strong>illis</strong></span> <span class='ocrx_word' id='word_1_349' title='bbox 791 3955 926 4021; x_wconf 88' lang='lat' dir='ltr'><strong>omissas</strong></span> <span class='ocrx_word' id='word_1_350' title='bbox 949 3955 1095 4033; x_wconf 80' lang='lat' dir='ltr'><strong>servavit,</strong></span> <span class='ocrx_word' id='word_1_351' title='bbox 1116 3972 1198 4035; x_wconf 87' lang='lat' dir='ltr'><strong>quae</strong></span> <span class='ocrx_word' id='word_1_352' title='bbox 1219 3955 1344 4036; x_wconf 92' lang='lat' dir='ltr'><strong>quidem</strong></span> <span class='ocrx_word' id='word_1_353' title='bbox 1367 3953 1554 4039; x_wconf 87' lang='lat' dir='ltr'><strong>principales</strong></span> <span class='ocrx_word' id='word_1_354' title='bbox 1581 3974 1618 4021; x_wconf 89' lang='lat' dir='ltr'><strong>ac</strong></span> <span class='ocrx_word' id='word_1_355' title='bbox 1646 3957 1800 4038; x_wconf 84' lang='lat' dir='ltr'><strong>genuinae</strong></span> <span class='ocrx_word' id='word_1_356' title='bbox 1829 3955 2005 4020; x_wconf 84' lang='lat' dir='ltr'><strong>videantur.</strong></span> 
     </span>
     <span class='ocr_line' id='line_1_31' title="bbox 424 4072 2006 4156; baseline -0.001 -16"><span class='ocrx_word' id='word_1_357' title='bbox 424 4072 530 4154; x_wconf 82' lang='lat' dir='ltr'><strong>Quid?</strong></span> <span class='ocrx_word' id='word_1_358' title='bbox 550 4074 634 4156; x_wconf 92' lang='lat' dir='ltr'><strong>quod</strong></span> <span class='ocrx_word' id='word_1_359' title='bbox 657 4074 712 4140; x_wconf 94' lang='lat' dir='ltr'><strong>ubi</strong></span> <span class='ocrx_word' id='word_1_360' title='bbox 733 4074 765 4138; x_wconf 92' lang='lat' dir='ltr'><strong>in</strong></span> <span class='ocrx_word' id='word_1_361' title='bbox 788 4073 894 4141; x_wconf 90' lang='lat' dir='ltr'><strong>codice</strong></span> <span class='ocrx_word' id='word_1_362' title='bbox 917 4075 943 4138; x_wconf 89' lang='lat' dir='ltr'>D</span> <span class='ocrx_word' id='word_1_363' title='bbox 966 4073 1095 4141; x_wconf 88' lang='lat' dir='ltr'><strong>lacunae</strong></span> <span class='ocrx_word' id='word_1_364' title='bbox 1117 4075 1241 4153; x_wconf 91' lang='lat' dir='ltr'><strong>insunt,</strong></span> <span class='ocrx_word' id='word_1_365' title='bbox 1264 4075 1392 4142; x_wconf 87' lang='lat' dir='ltr'><strong>caedem</strong></span> <span class='ocrx_word' id='word_1_366' title='bbox 1414 4073 1446 4139; x_wconf 93' lang='lat' dir='ltr'><strong>in</strong></span> <span class='ocrx_word' id='word_1_367' title='bbox 1469 4072 1531 4140; x_wconf 90' lang='lat' dir='ltr'><strong>illis</strong></span> <span class='ocrx_word' id='word_1_368' title='bbox 1553 4075 1764 4149; x_wconf 85' lang='lat' dir='ltr'><strong>inveniuntur,</strong></span> <span class='ocrx_word' id='word_1_369' title='bbox 1791 4081 1828 4140; x_wconf 91' lang='lat' dir='ltr'><strong>ut</strong></span> <span class='ocrx_word' id='word_1_370' title='bbox 1854 4075 1927 4154; x_wconf 79' lang='lat'><strong>205,</strong></span> <span class='ocrx_word' id='word_1_371' title='bbox 1947 4074 2006 4155; x_wconf 77' lang='lat'><strong>863</strong></span> 
     </span>
     <span class='ocr_line' id='line_1_32' title="bbox 423 4191 2005 4277; baseline -0.001 -17"><span class='ocrx_word' id='word_1_372' title='bbox 423 4195 496 4273; x_wconf 80' lang='lat'><strong>217,</strong></span> <span class='ocrx_word' id='word_1_373' title='bbox 513 4194 571 4277; x_wconf 76' lang='lat'><strong>263</strong></span> <span class='ocrx_word' id='word_1_374' title='bbox 594 4195 667 4274; x_wconf 77' lang='lat'><strong>288,</strong></span> <span class='ocrx_word' id='word_1_375' title='bbox 689 4195 827 4260; x_wconf 78' lang='lat'><strong>43-45.</strong></span> <span class='ocrx_word' id='word_1_376' title='bbox 872 4195 1065 4276; x_wconf 84' lang='lat' dir='ltr'><strong>Quamquam</strong></span> <span class='ocrx_word' id='word_1_377' title='bbox 1087 4195 1285 4262; x_wconf 89' lang='lat' dir='ltr'><strong>concedimus</strong></span> <span class='ocrx_word' id='word_1_378' title='bbox 1310 4211 1560 4276; x_wconf 89' lang='lat' dir='ltr'><strong>unamquamque</strong></span> <span class='ocrx_word' id='word_1_379' title='bbox 1590 4193 1754 4260; x_wconf 88' lang='lat' dir='ltr'><strong>lectionem</strong></span> <span class='ocrx_word' id='word_1_380' title='bbox 1785 4191 2005 4260; x_wconf 83' lang='lat' dir='ltr'><strong>conterendam</strong></span> 
     </span>
     <span class='ocr_line' id='line_1_33' title="bbox 423 4312 2006 4398; baseline -0.002 -18"><span class='ocrx_word' id='word_1_381' title='bbox 423 4321 520 4398; x_wconf 88' lang='lat' dir='ltr'><strong>atque</strong></span> <span class='ocrx_word' id='word_1_382' title='bbox 541 4313 780 4382; x_wconf 82' lang='lat' dir='ltr'><strong>examinandam</strong></span> <span class='ocrx_word' id='word_1_383' title='bbox 803 4331 881 4394; x_wconf 89' lang='lat' dir='ltr'><strong>esse,</strong></span> <span class='ocrx_word' id='word_1_384' title='bbox 910 4319 946 4380; x_wconf 90' lang='lat' dir='ltr'><strong>ut</strong></span> <span class='ocrx_word' id='word_1_385' title='bbox 966 4312 1060 4395; x_wconf 89' lang='lat' dir='ltr'><strong>plane</strong></span> <span class='ocrx_word' id='word_1_386' title='bbox 1081 4312 1258 4380; x_wconf 87' lang='lat' dir='ltr'><strong>confirmari</strong></span> <span class='ocrx_word' id='word_1_387' title='bbox 1281 4313 1380 4394; x_wconf 89' lang='lat' dir='ltr'><strong>possit</strong></span> <span class='ocrx_word' id='word_1_388' title='bbox 1394 4312 1425 4377; x_wconf 94' lang='lat' dir='ltr'><strong>id</strong></span> <span class='ocrx_word' id='word_1_389' title='bbox 1440 4312 1526 4393; x_wconf 93' lang='lat' dir='ltr'><strong>quod</strong></span> <span class='ocrx_word' id='word_1_390' title='bbox 1545 4314 1734 4380; x_wconf 90' lang='lat' dir='ltr'><strong>intendimus</strong></span> <span class='ocrx_word' id='word_1_391' title='bbox 1756 4314 1853 4381; x_wconf 86' lang='lat' dir='ltr'><strong>libros</strong></span> <span class='ocrx_word' id='word_1_392' title='bbox 1875 4312 1945 4378; x_wconf 87' lang='lat' dir='ltr'><strong>illos</strong></span> <span class='ocrx_word' id='word_1_393' title='bbox 1967 4331 2006 4378; x_wconf 81' lang='lat' dir='ltr'><strong>ex</strong></span> 
     </span>
     <span class='ocr_line' id='line_1_34' title="bbox 423 4432 2006 4516; baseline 0 -18"><span class='ocrx_word' id='word_1_394' title='bbox 423 4432 504 4499; x_wconf 91' lang='lat' dir='ltr'><strong>libro</strong></span> <span class='ocrx_word' id='word_1_395' title='bbox 532 4435 560 4498; x_wconf 89' lang='lat' dir='ltr'>D</span> <span class='ocrx_word' id='word_1_396' title='bbox 588 4434 761 4515; x_wconf 89' lang='lat' dir='ltr'><strong>descriptos</strong></span> <span class='ocrx_word' id='word_1_397' title='bbox 783 4451 868 4515; x_wconf 83' lang='lat' dir='ltr'><strong>esse3</strong></span> <span class='ocrx_word' id='word_1_398' title='bbox 896 4437 1035 4498; x_wconf 89' lang='lat' dir='ltr'><strong>attamen</strong></span> <span class='ocrx_word' id='word_1_399' title='bbox 1064 4451 1104 4498; x_wconf 90' lang='lat' dir='ltr'><strong>ne</strong></span> <span class='ocrx_word' id='word_1_400' title='bbox 1123 4438 1214 4498; x_wconf 88' lang='lat' dir='ltr'><strong>extra</strong></span> <span class='ocrx_word' id='word_1_401' title='bbox 1235 4433 1360 4498; x_wconf 91' lang='lat' dir='ltr'><strong>modum</strong></span> <span class='ocrx_word' id='word_1_402' title='bbox 1382 4432 1542 4516; x_wconf 82' lang='lat' dir='ltr'><strong>prodeam,</strong></span> <span class='ocrx_word' id='word_1_403' title='bbox 1569 4434 1600 4497; x_wconf 91' lang='lat' dir='ltr'><strong>in</strong></span> <span class='ocrx_word' id='word_1_404' title='bbox 1629 4433 1678 4500; x_wconf 90' lang='lat' dir='ltr'><strong>his</strong></span> <span class='ocrx_word' id='word_1_405' title='bbox 1706 4433 1886 4512; x_wconf 83' lang='lat' dir='ltr'><strong>subsistam,</strong></span> <span class='ocrx_word' id='word_1_406' title='bbox 1916 4449 2006 4512; x_wconf 87' lang='lat' dir='ltr'><strong>prae-</strong></span> 
     </span>
     <span class='ocr_line' id='line_1_35' title="bbox 423 4550 2005 4636; baseline 0 -18"><span class='ocrx_word' id='word_1_407' title='bbox 423 4552 532 4618; x_wconf 88' lang='lat' dir='ltr'><strong>sertim</strong></span> <span class='ocrx_word' id='word_1_408' title='bbox 553 4571 623 4620; x_wconf 85' lang='lat' dir='ltr'><strong>oum</strong></span> <span class='ocrx_word' id='word_1_409' title='bbox 647 4556 714 4618; x_wconf 86' lang='lat' dir='ltr'><strong>tota</strong></span> <span class='ocrx_word' id='word_1_410' title='bbox 735 4552 861 4618; x_wconf 89' lang='lat' dir='ltr'><strong>collatio</strong></span> <span class='ocrx_word' id='word_1_411' title='bbox 883 4551 1000 4620; x_wconf 89' lang='lat' dir='ltr'><strong>codicis</strong></span> <span class='ocrx_word' id='word_1_412' title='bbox 1022 4551 1049 4617; x_wconf 91' lang='lat' dir='ltr'>D</span> <span class='ocrx_word' id='word_1_413' title='bbox 1073 4551 1212 4618; x_wconf 90' lang='lat' dir='ltr'><strong>nondum</strong></span> <span class='ocrx_word' id='word_1_414' title='bbox 1232 4550 1372 4634; x_wconf 87' lang='lat' dir='ltr'><strong>perlecta</strong></span> <span class='ocrx_word' id='word_1_415' title='bbox 1385 4551 1593 4634; x_wconf 89' lang='lat' dir='ltr'><strong>absolutaque</strong></span> <span class='ocrx_word' id='word_1_416' title='bbox 1607 4552 1658 4618; x_wconf 91' lang='lat' dir='ltr'><strong>sit.</strong></span> <span class='ocrx_word' id='word_1_417' title='bbox 1701 4551 1878 4636; x_wconf 89' lang='lat' dir='ltr'><strong>Disceptari</strong></span> <span class='ocrx_word' id='word_1_418' title='bbox 1900 4557 2005 4619; x_wconf 85' lang='lat' dir='ltr'><strong>autem</strong></span> 
     </span>
     <span class='ocr_line' id='line_1_36' title="bbox 423 4670 2005 4754; baseline 0.003 -18"><span class='ocrx_word' id='word_1_419' title='bbox 423 4676 558 4751; x_wconf 89' lang='lat' dir='ltr'><strong>oportet,</strong></span> <span class='ocrx_word' id='word_1_420' title='bbox 579 4671 606 4738; x_wconf 92' lang='lat' dir='ltr'><strong>si</strong></span> <span class='ocrx_word' id='word_1_421' title='bbox 627 4671 695 4737; x_wconf 86' lang='lat' dir='ltr'><strong>fieri</strong></span> <span class='ocrx_word' id='word_1_422' title='bbox 718 4677 831 4753; x_wconf 83' lang='lat' dir='ltr'><strong>potest,</strong></span> <span class='ocrx_word' id='word_1_423' title='bbox 855 4679 961 4737; x_wconf 91' lang='lat' dir='ltr'><strong>utrum</strong></span> <span class='ocrx_word' id='word_1_424' title='bbox 982 4670 1052 4736; x_wconf 91' lang='lat' dir='ltr'><strong>libri</strong></span> <span class='ocrx_word' id='word_1_425' title='bbox 1074 4672 1270 4737; x_wconf 86' lang='lat' dir='ltr'><strong>manaverint</strong></span> <span class='ocrx_word' id='word_1_426' title='bbox 1298 4690 1337 4737; x_wconf 80' lang='lat' dir='ltr'><strong>ex</strong></span> <span class='ocrx_word' id='word_1_427' title='bbox 1364 4670 1465 4753; x_wconf 88' lang='lat' dir='ltr'><strong>primo</strong></span> <span class='ocrx_word' id='word_1_428' title='bbox 1495 4678 1527 4737; x_wconf 89' lang='lat' dir='ltr'><strong>et</strong></span> <span class='ocrx_word' id='word_1_429' title='bbox 1549 4673 1671 4754; x_wconf 80' lang='lat' dir='ltr'><strong>integro</strong></span> <span class='ocrx_word' id='word_1_430' title='bbox 1692 4673 1799 4738; x_wconf 89' lang='lat' dir='ltr'><strong>codice</strong></span> <span class='ocrx_word' id='word_1_431' title='bbox 1825 4692 1866 4738; x_wconf 95' lang='lat' dir='ltr'><strong>an</strong></span> <span class='ocrx_word' id='word_1_432' title='bbox 1896 4691 1935 4740; x_wconf 84' lang='lat' dir='ltr'><strong>ex</strong></span> <span class='ocrx_word' id='word_1_433' title='bbox 1957 4692 2005 4740; x_wconf 87' lang='lat' dir='ltr'><strong>ro·</strong></span> 
     </span>
     <span class='ocr_line' id='line_1_37' title="bbox 424 4789 2005 4876; baseline 0.003 -22"><span class='ocrx_word' id='word_1_434' title='bbox 424 4789 523 4870; x_wconf 80' lang='lat' dir='ltr'><strong>leoto3</strong></span> <span class='ocrx_word' id='word_1_435' title='bbox 545 4791 576 4854; x_wconf 92' lang='lat' dir='ltr'><strong>id</strong></span> <span class='ocrx_word' id='word_1_436' title='bbox 597 4793 682 4873; x_wconf 88' lang='lat' dir='ltr'><strong>quod</strong></span> <span class='ocrx_word' id='word_1_437' title='bbox 705 4789 828 4858; x_wconf 88' lang='lat' dir='ltr'><strong>dillioile</strong></span> <span class='ocrx_word' id='word_1_438' title='bbox 857 4789 1060 4875; x_wconf 73' lang='lat' dir='ltr'><strong>depromta,</strong></span> <span class='ocrx_word' id='word_1_439' title='bbox 1083 4789 1157 4872; x_wconf 91' lang='lat' dir='ltr'><strong>qnia</strong></span> <span class='ocrx_word' id='word_1_440' title='bbox 1178 4790 1394 4872; x_wconf 82' lang='lat' dir='ltr'><strong>supplementa</strong></span> <span class='ocrx_word' id='word_1_441' title='bbox 1417 4791 1562 4857; x_wconf 89' lang='lat' dir='ltr'><strong>videntur</strong></span> <span class='ocrx_word' id='word_1_442' title='bbox 1590 4793 1709 4876; x_wconf 89' lang='lat' dir='ltr'><strong>scripta</strong></span> <span class='ocrx_word' id='word_1_443' title='bbox 1736 4811 1774 4856; x_wconf 81' lang='lat' dir='ltr'><strong>ex</strong></span> <span class='ocrx_word' id='word_1_444' title='bbox 1795 4789 1921 4858; x_wconf 85' lang='lat' dir='ltr'><strong>afflictis</strong></span> <span class='ocrx_word' id='word_1_445' title='bbox 1943 4792 2005 4858; x_wconf 88' lang='lat' dir='ltr'><strong>dis·</strong></span> 
     </span>
     <span class='ocr_line' id='line_1_38' title="bbox 426 4906 2004 4994; baseline 0.001 -20"><span class='ocrx_word' id='word_1_446' title='bbox 426 4907 577 4994; x_wconf 68' lang='grc' dir='ltr'><strong>οἱιιίιιιιιο</strong></span> <span class='ocrx_word' id='word_1_447' title='bbox 598 4907 680 4974; x_wconf 83' lang='lat' dir='ltr'><strong>loliis</strong></span> <span class='ocrx_word' id='word_1_448' title='bbox 702 4909 841 4976; x_wconf 86' lang='lat' dir='ltr'><strong>eiusdem</strong></span> <span class='ocrx_word' id='word_1_449' title='bbox 864 4906 988 4990; x_wconf 83' lang='lat' dir='ltr'><strong>codicis,</strong></span> <span class='ocrx_word' id='word_1_450' title='bbox 1011 4908 1061 4976; x_wconf 90' lang='lat' dir='ltr'><strong>cui</strong></span> <span class='ocrx_word' id='word_1_451' title='bbox 1084 4908 1129 4974; x_wconf 92' lang='lat' dir='ltr'><strong>rei</strong></span> <span class='ocrx_word' id='word_1_452' title='bbox 1150 4907 1403 4992; x_wconf 73' lang='lat' dir='ltr'><strong>probabilitatem</strong></span> <span class='ocrx_word' id='word_1_453' title='bbox 1426 4910 1571 4976; x_wconf 87' lang='lat' dir='ltr'><strong>conciliat</strong></span> <span class='ocrx_word' id='word_1_454' title='bbox 1592 4910 1682 4987; x_wconf 74' lang='lat' dir='ltr'><strong>ratio</strong></span> <span class='ocrx_word' id='word_1_455' title='bbox 1704 4927 1768 4994; x_wconf 87' lang='lat' dir='ltr'><strong>qua</strong></span> <span class='ocrx_word' id='word_1_456' title='bbox 1790 4909 1910 4994; x_wconf 84' lang='lat' dir='ltr'><strong>repleta</strong></span> <span class='ocrx_word' id='word_1_457' title='bbox 1931 4909 2004 4978; x_wconf 86' lang='lat' dir='ltr'><strong>lolia</strong></span> 
     </span>
    </p>
   </div>
   <div class='ocr_carea' id='block_1_3' title="bbox 0 0 2210 5664">
    <p class='ocr_par' dir='ltr' id='par_1_4' title="bbox 0 0 2210 5664">
     <span class='ocr_line' id='line_1_39' title="bbox 0 0 2210 5664; baseline 0 0"><span class='ocrx_word' id='word_1_458' title='bbox 0 0 2210 5664; x_wconf 95' lang='lat' dir='ltr'><strong> </strong></span> 
     </span>
    </p>
   </div>
  </div>
 </body>
</html>
