4410 5664
1156 544 1195 607 12

389 765 459 812 cum
482 745 639 812 Doisliano
660 745 908 812 contendendum
923 763 1002 824 esse,
1025 751 1192 828 propterea
1212 747 1296 830 qnod
1319 747 1456 811 editores
1477 746 1684 829 compluriens
1707 743 1856 812 Goisliani
1878 747 1974 813 ratio·

389 883 459 930 nem
499 865 676 940 duxerunt,
717 863 872 932 Venatum
916 871 1068 949 quantum
1110 867 1198 931 video
1242 865 1455 946 neglexerunt.
1524 864 1581 931 lile
1618 871 1723 931 antem
1757 867 1805 932 vol
1839 865 1974 932 maxime

391 985 594 1064 spectabatur
626 1001 664 1049 ea
695 984 735 1047 de
767 1001 876 1063 causa,
911 985 985 1066 quia
1017 984 1111 1048 etiam
1144 1001 1223 1070 quos
1252 983 1304 1048 bic
1333 983 1440 1049 omisit
1474 982 1548 1050 libri
1576 981 1734 1048 XI-XV
1769 981 1902 1050 Diodori
1935 1003 1974 1050 co

391 1103 599 1167 continentur.
655 1100 789 1166 Omnino
822 1100 923 1167 maius
956 1101 1096 1166 studium
1129 1103 1160 1167 in
1192 1102 1293 1166 altera
1330 1100 1539 1168 bibliothecae
1576 1109 1666 1184 parte
1699 1103 1883 1168 collocatum
1915 1109 1974 1183 est,

392 1222 507 1303 quippe
529 1237 610 1300 qnae
633 1219 731 1302 magis
754 1227 828 1300 apta
850 1223 892 1284 sit
914 1219 953 1285 ad
985 1219 1166 1286 alliciendos
1193 1219 1363 1302 legentium
1394 1221 1523 1286 animos.
1575 1219 1686 1304 Itaque
1713 1219 1830 1286 iactum
1858 1229 1907 1286 est
1938 1227 1975 1286 ut

393 1340 490 1407 codex
513 1338 688 1403 Ooislianns
711 1357 769 1420 par
791 1340 903 1404 ceteris
926 1336 975 1404 vel
997 1341 1209 1421 praestantior
1231 1340 1390 1405 videretur
1412 1340 1506 1404 etiam
1529 1340 1560 1403 in
1591 1341 1731 1422 quinque
1760 1341 1916 1421 prioribus
1938 1339 1976 1404 ii·

393 1459 468 1524 bris.
514 1459 679 1538 Excipiunt
705 1463 824 1522 textum
848 1457 976 1522 Diodori
997 1457 1029 1522 in
1053 1458 1159 1523 codice
1181 1456 1302 1524 Veneto
1332 1456 1430 1523 muita
1455 1457 1530 1523 tolia
1555 1476 1670 1536 vacua,
1701 1458 1757 1523 sed
1787 1477 1858 1524 cam
1886 1457 1977 1524 initio

393 1594 519 1660 quoque
541 1577 688 1642 nonnulla
703 1595 764 1642 oon
785 1577 938 1658 inscripta
960 1583 1091 1655 exstent,
1114 1577 1179 1642 veri
1202 1575 1303 1640 simile
1325 1593 1386 1642 non
1409 1583 1458 1642 est
1479 1577 1615 1642 codicem
1637 1577 1784 1660 atiquem,
1806 1580 1859 1659 qui
1881 1577 1979 1644 etiam

394 1697 486 1780 plnra
506 1702 632 1778 praeter
654 1696 723 1762 illos
745 1698 884 1779 quinque
905 1694 1002 1761 libros
1025 1694 1320 1776 comprehendisset,
1344 1699 1544 1779 exscripsisse
1565 1696 1738 1764 librarium.

548 1814 616 1882 Iam
640 1832 714 1880 vero
737 1813 836 1880 exeis
858 1833 940 1897 quac
961 1815 1059 1879 allata
1080 1821 1154 1878 sunt
1176 1816 1323 1896 exemplis
1345 1817 1490 1898 cognosci
1512 1824 1616 1899 potest
1637 1819 1760 1884 codices
1783 1821 1808 1883 A
1832 1825 1865 1884 et
1887 1816 1914 1883 V
1936 1817 1976 1884 ad

396 1937 631 2003 similitudinem
654 1937 771 2004 codicis
793 1935 822 1999 D
845 1938 1002 2004 accedere.
1049 1939 1090 2001 At
1112 1936 1249 2004 codicem
1273 1935 1300 2002 V
1322 1937 1575 2021 propinquiorem
1604 1955 1674 2003 esse
1697 1936 1797 2002 codici
1828 1940 1855 2001 A
1884 1955 1977 2019 quam

397 2056 496 2122 codici
519 2057 547 2120 Ι)
570 2055 661 2122 facile
683 2062 732 2121 est
760 2054 953 2121 confirmare.
997 2056 1085 2135 Quae
1108 2055 1158 2122 bic
1180 2056 1304 2140 protero
1326 2057 1492 2140 desumpta
1518 2064 1593 2122 eunt
1620 2076 1658 2122 ex
1686 2055 1794 2137 primis
1822 2055 1979 2138 capitibus

399 2173 501 2259 quinti
523 2173 611 2240 libri:

554 2293 627 2372 331,
644 2294 684 2358 39
707 2293 871 2378 ἑξήκοντα]
893 2293 1044 2380 ἑξήκοντα
1067 2293 1125 2360 AV
1147 2329 1185 2342 -
1210 2295 1444 2378 τεσσαράκοντα
1466 2296 1533 2360 DN.

553 2415 624 2491 332,
642 2414 683 2478 78
705 2412 794 2477 δοκεῖ
813 2413 841 2475 d’
857 2411 994 2498 ἐνμέσῳ
1017 2413 1137 2478 κεῖσθαι
1161 2419 1215 2500 τῆς
1236 2414 1311 2500 όλγς
1331 2414 1441 2500 νήσου]
1466 2431 1526 2478 om.
1550 2413 1616 2478 AV.
1640 2449 1681 2461 -
1704 2433 1786 2480 serv.
1808 2413 1877 2480 DN.

556 2534 664 2613 3328
687 2532 865 2617 φαγόντων]
889 2533 1052 2618 φυγόντων
1076 2534 1158 2598 ABV
1182 2569 1221 2582 -
1246 2532 1412 2617 φαγόντων
1434 2532 1473 2596 Ι).

553 2653 685 2733 33318
705 2652 785 2738 μετὰ
806 2656 862 2750 τῆς
883 2651 1077 2750 [φιταγεόσγς
1098 2651 1201 2734 δῦναι]
1230 2653 1284 2738 τὴν
1307 2653 1451 2739 ἁρπαγὴν
1473 2651 1611 2716 ελσδόναι
1634 2652 1719 2719 ABV
1741 2691 1781 2703 -
1806 2657 1861 2740 τῆς
1882 2655 1980 2739 dono·

400 2778 459 2861 γῆς
481 2771 618 2838 ελσδόναι
640 2771 678 2836 D.

554 2894 626 2976 333,
642 2895 683 2960 25
705 2896 760 2982 τὴν
783 2893 935 2977 Σικελίαν]
960 2893 1016 2961 AV
1037 2895 1083 2962 siu
1104 2938 1145 2952 -
1169 2893 1309 2959 Σικελίαν
1329 2895 1367 2959 Ι).

554 3017 627 3095 334,
643 3017 684 3081 62
707 3016 769 3095 καὶ]
792 3034 853 3082 om.
876 3015 933 3081 AV
959 3053 994 3063 -
1020 3033 1101 3081 serv.
1125 3015 1162 3080 D.

453 3195 457 3204 .
556 3135 629 3216 334,
645 3134 686 3199 68
708 3131 848 3217 λέγουσι]
872 3154 932 3200 om.
956 3134 1011 3198 AV
1036 3169 1075 3182 -
1097 3151 1180 3200 serv.
1203 3131 1242 3196 D.

555 3254 628 3333 334,
645 3253 686 3317 69
708 3250 889 3330 Πλούτωνα]
914 3251 1060 3316 Πλούτων
1083 3251 1168 3318 ABV
1191 3287 1231 3300 —
1255 3250 1423 3342 Πλούτωνα
1446 3253 1483 3317 D.

556 3374 630 3452 334,
646 3375 685 3438 81
712 3373 838 3456 νόμους]
862 3373 959 3457 νομὰς
981 3370 1038 3434 AV
1061 3409 1100 3418 -
1124 3371 1238 3454 νόμους
1260 3373 1297 3436 Ι).

559 3494 631 3570 336,
648 3495 686 3559 51
711 3491 1030 3578 καταστασιασθῆναι]
1053 3490 1340 3576 καταναγκααόῆναι
1363 3491 1419 3555 AV
1444 3529 1484 3540 -
1506 3493 1810 3580 καταστασιασθῆναι
1833 3495 1870 3559 Ι).

557 3612 630 3690 336,
646 3612 688 3677 80
711 3609 892 3697 Φεραίμων]
916 3610 1072 3696 Φερήμων
1095 3609 1179 3676 ABV
1202 3649 1242 3658 -
1266 3608 1419 3695 Φεμέμων
1441 3613 1485 3694 Ι),
1507 3614 1563 3678 sed
1586 3613 1640 3678 cfr.
1665 3613 1737 3690 336,
1754 3614 1806 3678 75.

558 3733 630 3810 336,
646 3731 689 3796 80
711 3729 919 3821 ἀντεχόμενος
941 3731 1127 3814 ἐβασίλευσε
1151 3736 1205 3817 τῆς
1228 3731 1394 3815 παραλίας]
1418 3751 1478 3797 om.
1497 3733 1538 3813 V3
1561 3769 1603 3780 -
1624 3751 1705 3798 serv.
1729 3733 1772 3806 Ι);
1795 3732 1934 3798 codicem
1959 3733 1985 3794 A

406 3853 551 3920 omisisse
573 3853 688 3920 dicitnr
711 3855 895 3920 vocabulum
918 3850 1135 3941 ἀντεχόμενος,
1158 3851 1212 3917 sed
1235 3853 1331 3919 coicio
1354 3853 1446 3918 etiam
1470 3851 1518 3934 ἐβ.
1542 3873 1567 3914 τ.
1591 3873 1664 3935 παρ.
1680 3854 1796 3918 omissa
1818 3871 1897 3920 csse.

559 3973 754 4056 supersedeo
777 3971 917 4055 exempla
939 3971 1087 4052 exemplis
1108 3971 1235 4038 addere.
1268 3969 1361 4036 Putet
1381 3979 1488 4036 autem
1511 3972 1541 4036 in
1564 3970 1671 4037 codice
1694 3971 1721 4035 D
1743 3980 1775 4037 et
1797 3971 1985 4053 scripturam

407 4093 568 4158 iustiorem
591 4100 624 4158 et
645 4089 743 4157 multa
766 4093 877 4170 inesse,
900 4109 982 4174 quae
1010 4109 1071 4156 noo
1098 4090 1302 4156 inveniuntur
1330 4089 1363 4157 in
1390 4089 1479 4156 libris
1505 4093 1530 4155 A
1552 4097 1585 4156 et
1608 4091 1644 4155 V.
1689 4088 1808 4157 Contra
1836 4089 1914 4156 nibil
1936 4107 1986 4156 oc·

409 4213 517 4290 currit,
540 4212 622 4294 quod
645 4213 900 4293 praetermissum
922 4213 953 4278 in
976 4211 1045 4279 cod.
1062 4212 1090 4277 D
1105 4211 1229 4294 legatur
1242 4213 1273 4275 in
1289 4209 1379 4276 codd.
1396 4212 1422 4274 A
1438 4215 1471 4274 et
1487 4209 1523 4289 V,
1546 4207 1606 4274 nisi
1629 4208 1712 4290 quod
1735 4229 1754 4274 a
1774 4208 1905 4276 librario
1920 4227 1988 4275 con

408 4341 527 4398 rectum
551 4349 619 4397 esse
641 4341 697 4398 aut
719 4331 911 4398 correctione
934 4332 1141 4414 deformatum
1170 4331 1322 4398 rideatur.
1374 4330 1461 4409 Quae
1487 4347 1585 4412 supra
1612 4329 1704 4394 attnli
1733 4328 1829 4396 verba
1858 4329 1931 4408 329,
1945 4327 1988 4394 30

409 4456 457 4515 καὶ
479 4449 636 4539 τυχουσῶν
659 4450 865 4532 suppositicia
886 4469 954 4516 meo
977 4451 1101 4532 quidem
1124 4450 1237 4516 iudicio
1260 4455 1343 4528 sunt,
1367 4469 1438 4516 cum
1461 4449 1547 4516 notio
1569 4451 1610 4515 sit
1632 4451 1751 4524 eadem,
1766 4468 1859 4532 quam
1883 4448 1935 4514 lib.
1960 4450 1987 4513 D

409 4573 565 4654 expressit
586 4574 646 4636 sic:
678 4569 831 4654 περὶτῶν
854 4570 1021 4634 Κυκλάδων
1045 4571 1147 4655 νήσων
1170 4573 1230 4633 τῶν
1251 4569 1424 4632 ἐλαττόνων
1451 4569 1587 4650 σἰκισμοῦ
1610 4567 1668 4633 ὑπὸ
1693 4569 1829 4648 Mutuom
1850 4569 1988 4650 interpo-

409 4693 469 4754 site
491 4698 596 4756 autem
619 4696 694 4756 sunt
715 4693 765 4753 καὶ
787 4696 943 4779 τυχουσῶν
966 4696 1037 4773 poet
1059 4689 1239 4753 ἐλαττόνων.
1284 4689 1330 4754 De
1356 4695 1541 4770 argumento
1570 4689 1643 4754 libri
1666 4685 1691 4766 I,
1719 4691 1801 4770 quod
1831 4687 1987 4753 adiectum

410 4816 459 4875 est
479 4811 510 4874 in
534 4813 601 4876 eod.
627 4813 663 4888 A,
686 4809 758 4875 vide
780 4830 886 4894 supra
923 4811 1012 4890 Quod
1036 4811 1062 4877 si
1085 4829 1192 4875 verum
1214 4816 1264 4876 cst
1285 4809 1423 4876 codicem
1446 4809 1472 4874 D
1495 4817 1583 4876 tanto
1605 4807 1792 4875 exactiorem
1815 4810 1988 4875 meliorem-

409 4947 471 5012 que
493 4947 562 4995 esso
584 4930 741 4996 codicibus
763 4928 791 4991 A
813 4935 846 4994 ct
868 4928 905 5008 V,
927 4936 1044 5011 quanto
1067 4935 1172 4994 aetate
1194 4930 1293 4995 maior
1315 4930 1373 5008 sit,
1401 4931 1432 4996 id
1459 4939 1532 5013 apte
1554 4930 1699 4998 convenit
1725 4947 1795 4995 cum
1823 4948 1892 4995 mea
1920 4947 1990 4994 sen·

411 5051 526 5128 tentia,
548 5049 602 5133 qui
630 5069 806 5114 asseverem
836 5069 872 5114 ex
898 5051 923 5116 D
946 5047 1117 5131 exscriptos
1147 5067 1216 5114 esse
1242 5048 1340 5114 libros
1368 5048 1540 5115 simillimos
1570 5057 1602 5114 et
1624 5052 1650 5114 A
1674 5057 1706 5114 et
1731 5047 1766 5112 V.
1817 5050 1851 5114 ln
1879 5049 1987 5114 eodem
